1881 3663
891 276 960 325 12

110 397 227 469 (ubi
266 396 466 469 Krueg.
506 395 603 449 ὑπό
641 396 884 469 conjicit).
952 395 1060 452 Cfr.
1102 395 1264 456 VIII,
1307 399 1430 450 106.
1489 428 1566 438 -—-
1603 396 1747 450 οὐδὲν

110 480 233 538 μέγα
264 476 406 539 ἔργον
438 477 623 535 ἐγένετο
657 473 754 524 ἀπ’
786 474 965 525 αὐτοῦ
997 473 1046 532 Ι,
1090 477 1172 529 14.
1219 474 1413 539 ἔφασαν
1445 474 1566 540 πρὸς
1595 478 1745 525 ταῦτα

107 552 293 616 ζήτησιν
338 552 553 616 μεγάλην
586 549 707 601 α’πό
741 553 936 615 σφέων
967 554 1201 612 γενέσθαι
1232 555 1327 600 τῶν
1357 554 1602 610 γυναικῶν
1634 553 1744 601 τού·

105 645 200 675 των
233 623 306 684 ΙΙ,
350 630 435 677 54.
476 627 656 679 τούτων
689 628 748 690 δή
776 644 862 689 μιν
894 632 1073 676 εἵνεκεν
1104 627 1388 683 καλέσαντες
1414 626 1564 690 φίλον
1580 641 1737 693 προσ-

103 706 315 753 εκτέοντο
367 707 498 753 πίστι
539 722 588 752 τε
640 702 867 766 λαβόντες
908 708 991 751 καὶ
1023 700 1250 767 ὁρκίοισι,
1287 701 1314 766 ἦ
1344 705 1435 764 μὲν
1467 705 1593 760 ἕξειν
1624 702 1741 768 παρ’

107 778 270 846 ἑωυτῷ
316 780 423 846 μηδ’
471 781 676 840 ἐξοίσειν
720 779 889 844 μηδενὶ
937 777 1229 848 ἀνθρώπων
1270 776 1355 844 τὴν
1394 775 1508 828 α’πὸ
1541 781 1742 843 σφέων

110 855 304 921 απάτην
337 858 385 913 ἐς
417 860 608 921 Πέρσας
639 863 898 916 γεγονυῖαν
932 852 1042 912 ΙΙΙ,
1085 854 1170 905 74.
1250 850 1356 905 Cfr.
1397 851 1465 905 lb.
1510 853 1596 905 78.
1676 851 1741 913 V,

113 934 162 982 2.
222 928 324 990 VI,
382 934 470 983 98.
527 961 602 970 ——
659 934 712 1002 τῇ
761 930 953 980 Ἑλλάδι
994 934 1133 995 πενίη
1164 936 1253 993 μὲν
1285 931 1380 979 αἰεί
1411 949 1516 979 κοτε
1547 931 1745 994 σύντρο-

112 1008 206 1071 φός
253 1008 376 1063 ἐστι,
426 1006 565 1072 άρετὴ
614 1008 668 1056 δὲ
708 1006 910 1063 ἔπακτός
941 1007 1063 1063 ἐστι,
1098 1004 1215 1055 από
1245 1024 1299 1055 τε
1332 1009 1538 1071 σοφίης
1569 1024 1740 1072 κατερ-

114 1086 328 1146 γασμένη
360 1088 443 1130 καὶ
477 1084 660 1144 νόμου
691 1084 936 1143 ἰσχυροῦ
965 1076 1095 1138 VII,
1140 1083 1263 1130 102.
1337 1080 1624 1145 ’Λρτάβαζος
1656 1080 1744 1132 οὐκ

105 1157 320 1222 ἠρέσκετο
353 1157 640 1219 λειπομένου
672 1157 965 1220 ΛΙαρδονίου
998 1154 1113 1204 άπὸ
1145 1156 1437 1218 βασιλέος.
1464 1153 1567 1215 ΙΧ,
1601 1155 1740 1227 66¹).

264 1256 313 1326 e)
362 1254 494 1308 Post
534 1255 687 1308 verba
727 1253 961 1307 discendi
1006 1271 1405 1325 nonnumquam
1451 1254 1642 1309 dicitur
1681 1256 1742 1306 α’-

102 1334 169 1382 πό
202 1330 267 1383 de
308 1339 533 1383 auctore.
595 1329 755 1383 Velut
795 1330 889 1380 dn·
918 1331 1216 1396 Ἑλλήνων
1245 1332 1491 1394 μαθόντες
1528 1329 1571 1390 Ι,
1614 1335 1739 1384 135.

108 1404 216 1459 Cfr.
258 1403 338 1464 ΙΙ,
381 1409 467 1458 36.
509 1410 597 1458 49.
656 1404 766 1466 III,
812 1409 935 1458 111.
1000 1409 1150 1456 ταῦτα
1174 1408 1391 1473 Ἕλληνες
1423 1406 1515 1457 ἀπ’
1546 1410 1740 1470 Αἴγυπ-

107 1486 221 1532 τίων
253 1486 534 1546 νενομίκασι
573 1479 645 1541 ΙΙ,
689 1485 773 1533 51.

246 1582 312 1654 f)
373 1581 563 1635 Paucis
623 1582 675 1635 in
730 1581 857 1634 loeis
897 1581 1115 1634 eandem
1157 1581 1264 1634 fere
1303 1581 1409 1635 vim
1449 1582 1639 1655 accipit
1674 1601 1734 1637 ao

108 1663 219 1725 περί
273 1676 393 1709 cum
452 1657 742 1710 Genetivo:
799 1661 947 1707 ταῦτα
994 1664 1084 1721 μὲν
1131 1658 1196 1707 τά
1237 1658 1346 1708 άπὸ
1379 1662 1590 1709 τούτων
1621 1664 1734 1711 τῶν

107 1736 395 1796 ποταμῶν
428 1730 520 1791 IV,
565 1735 633 1783 53
674 1732 763 1784 fin.
803 1763 879 1773 ··-
918 1733 1040 1783 οὕτω
1074 1733 1143 1784 ὦν
1174 1739 1258 1782 καὶ
1289 1733 1348 1783 τὰ
1381 1734 1499 1785 άπὸ
1531 1737 1611 1800 τῆς
1643 1737 1738 1801 νή-

108 1824 210 1860 σου
258 1812 351 1873 τῆς
400 1811 500 1857 ἐπὶ
548 1810 739 1878 Λιβύῃ
771 1814 1044 1874 κειμένης
1076 1811 1237 1859 οἶκότα
1269 1811 1367 1859 ἐστὶ
1400 1809 1605 1880 ἀληθείῃ
1642 1808 1738 1869 IV,

116 1888 239 1938 195.
317 1882 377 1934 τοὶ
425 1889 515 1948 μὲν
563 1883 681 1935 α’πὸ
729 1886 1006 1950 Σικελίης
1056 1888 1266 1936 τοσαῦτα
1329 1882 1453 1944 VII,
1498 1888 1605 1938 167
1645 1885 1733 1938 fin.

103 1963 293 2016 τούτους
341 1959 389 2009 οἳ
428 1962 645 2024 Ἕλληνες
691 1962 1073 2025 ἐξιστορήσαντες
1105 1962 1165 2009 τὰ
1196 1962 1450 2024 ἐβούλοντο
1482 1965 1741 2011 πυθέσθαι

102 2035 219 2086 άπὸ
283 2038 380 2100 τῆς
444 2036 682 2099 Ξέρξεω
747 2040 1048 2101 στρατιῆς,
1116 2036 1459 2100 ἀποπέμπουσι
1490 2057 1534 2086 κ.
1597 2057 1635 2085 τ.
1695 2038 1739 2086 λ.

102 2108 236 2167 VII,
280 2113 404 2160 195.

250 2213 311 2278 9)
372 2206 632 2260 Notemus
695 2209 918 2280 denique
957 2210 1274 2263 locutionem
1315 2210 1416 2261 α’πό
1448 2213 1643 2276 τόρνου,
1684 2211 1739 2263 in

105 2300 207 2353 qua
269 2291 349 2335 est
403 2282 736 2336 instrumenti
790 2283 957 2337 notio:
1017 2289 1108 2352 γῆν
1156 2289 1337 2338 ἐοῦσαν
1368 2287 1648 2352 κυκλοτερέα
1680 2286 1743 2345 ὥς

103 2358 224 2408 ἀπὸ
263 2361 475 2425 τόρνου
515 2356 610 2417 IV,
654 2360 740 2410 36.

249 2484 347 2534 Ἐκ.
422 2482 487 2535 In
548 2502 647 2536 usu
706 2484 903 2536 voculae
942 2489 994 2537 ἐκ
1034 2485 1149 2538 haeo
1187 2484 1381 2538 rariora
1420 2504 1739 2539 commemo-

100 2577 297 2611 remus:

253 2646 306 2719 a)
372 2644 708 2717 Praegnanter
763 2664 1154 2718 nonnumquam
1215 2645 1386 2718 posita
1443 2645 1584 2702 idem
1633 2650 1740 2704 fere

97 2721 355 2790 significat.
410 2731 569 2791 atque
623 2725 746 2782 ἔξωε
795 2725 852 2771 ἐκ
899 2727 1002 2772 τοῦ
1045 2727 1229 2785 μέσου
1261 2726 1461 2787 κατῆστο
1503 2722 1614 2784 ΙΙΙ,
1656 2728 1743 2777 83.

103 2793 210 2848 Cfr.
253 2793 346 2855 IV,
408 2798 531 2848 118.
612 2794 772 2856 VIII,
817 2801 903 2850 22.
949 2798 1033 2850 73.
1089 2828 1164 2837 —
1204 2799 1260 2848 ἐν
1301 2799 1450 2864 τούτῳ
1482 2803 1551 2864 τῷ
1579 2803 1736 2867 χρόνῳ

95 2874 302 2937 τετράκις
341 2873 509 2933 ἔλεγον
549 2875 608 2933 ἐξ
647 2873 846 2939 ἤθε’ων
879 2873 963 2924 τὸν
994 2874 1134 2939 ἥλιον
1179 2872 1446 2923 οἷνατετλαι.
1487 2872 1566 2934 II,
1610 2878 1737 2936 142,

212 3035 238 3081 ¹)
266 3035 341 3072 Cfr.
371 3040 501 3072 tamen
532 3034 770 3082 Bernhardy.
799 3036 822 3072 l.
853 3048 884 3073 c.
912 3048 947 3084 p.
978 3035 1054 3072 224
1102 3035 1166 3083 qui
1194 3035 1240 3072 de
1267 3036 1338 3073 hoc
1364 3037 1534 3084 exemplo
1561 3038 1672 3075 aliter
1683 3041 1744 3086 ju·

102 3096 219 3133 dieat.
