1881 3663
865 174 936 226 37

239 293 324 368 A)
367 295 567 351 Dativo
606 297 910 370 adjunctum
938 297 1148 369 ponitur
1193 299 1316 361 ὑπό,
1357 320 1520 373 quum
1548 307 1720 352 traus-

86 369 188 422 late
227 370 292 423 de
319 389 379 425 eo
411 382 691 445 usurpatur
718 371 1042 445 praepositi0‚
1082 374 1172 445 qui
1200 374 1253 428 in
1281 376 1493 430 alterius
1521 374 1720 429 ditione

85 455 317 498 versatur
356 448 436 499 vel
477 449 529 500 in
570 467 684 500 eam
725 448 998 519 redigitur,
1047 468 1150 500 non
1193 452 1363 503 solum
1402 462 1524 523 post
1562 450 1719 502 verba

84 524 234 581 εἶναι,
268 524 486 587 ἔχεσθαι,
518 529 776 587 γίνεσθαι,
811 529 1094 584 ποιέεσθαι,
1126 527 1218 579 sed
1247 527 1406 580 etiam
1428 537 1548 598 post
1568 529 1715 594 ἄρχε-

84 602 208 648 σθαι
221 638 233 658 ,
267 604 527 663 νέμεσθαι,
561 603 880 653 δουλοῦσθαι.
958 598 1091 654 Haec
1129 601 1414 655 afferantur
1451 602 1717 672 exempla:

82 673 109 724 ὃ
142 676 196 724 δὲ
226 679 410 741 Πέρσης
440 696 488 725 τε
519 676 578 742 ἦν
610 683 693 727 καὶ
725 677 1059 743 ἀρχόμενος
1090 676 1181 728 ὑπ’
1215 681 1517 730 ἐκείνοισι
1558 678 1600 736 Ι,
1630 681 1717 729 91.

83 751 309 809 συλλέξας
338 750 447 809 τοὺς
477 750 568 802 ὑπ’
602 753 800 818 ἑωυτῷ·
832 752 1210 818 ἀρχομένους
1241 752 1312 805 ib.
1345 756 1469 805 103.
1511 756 1559 809 ἐς
1579 756 1718 803 τοῦτο

81 824 134 874 τὸ
166 824 307 888 οὖρος
338 825 448 877 ὑπὸ
481 831 740 896 Πέρσῃσι
772 830 1031 893 ἄρχεται
1055 826 1148 882 ΠΙ,
1173 827 1260 877 97.
1299 828 1351 877 τὸ
1379 830 1433 877 δὲ
1451 830 1552 876 κατ’
1572 827 1718 890 ὑμέας

81 902 195 951 τάδε
226 901 424 952 ἅπαντα
454 900 566 953 ὑπὸ
614 906 874 972 Πέρσῃσι
922 905 1170 966 νέμεται
1217 899 1335 960 VH,
1379 905 1502 954 158.
1559 903 1719 953 Λυδοὶ

82 981 173 1039 μὲν
204 975 263 1042 δὴ
295 976 413 1027 ὑπὸ
445 981 702 1047 Πέρσῃσι
734 977 1054 1037 ἐδεδούλωντο
1085 975 1136 1035 Ι,
1178 980 1265 1028 94.

229 1073 289 1128 Β
281 1073 317 1148 )
365 1073 498 1128 Cum
537 1074 859 1129 Accusativo.
937 1076 994 1144 a)
1039 1073 1235 1127 Generi
1275 1074 1481 1127 dicendi
1529 1083 1712 1144 poeta-

83 1168 200 1202 rum
239 1151 552 1222 tragicorum
592 1150 956 1204 convenienter
1004 1149 1195 1222 excipit
1242 1148 1584 1204 Accusativus
1624 1167 1715 1201 vo-

82 1225 249 1277 culam
291 1225 387 1277 ὖπό
423 1226 477 1277 in
516 1226 775 1278 locutione
814 1226 910 1276 ὑπὸ
941 1229 1033 1291 γῆν
1054 1225 1128 1294 ¹).·
1159 1226 1211 1276 τὸ
1244 1225 1354 1276 ὑπὸ
1386 1230 1497 1292 γῆν
1528 1226 1717 1290 ὄρυγμα

83 1300 158 1360 11,
202 1285 323 1353 125.
381 1298 486 1352 Cfr.
526 1299 595 1352 ib.
641 1304 763 1352 124.
809 1301 930 1352 127.
972 1298 1096 1359 VH,
1141 1304 1264 1352 114.

234 1400 284 1467 b)
327 1400 439 1453 Iam
479 1418 597 1451 vero
638 1408 915 1470 usurpatur
952 1399 1047 1451 ὑπό
1079 1417 1172 1468 pro
1212 1403 1260 1458 ἐς
1299 1398 1381 1451 his
1423 1399 1529 1451 fere
1565 1397 1716 1450 locis:

83 1476 230 1541 ἔφυγε
260 1477 312 1526 ἐκ
343 1476 564 1541 Σπάρτης
595 1472 710 1526 ὑπὸ
752 1477 1148 1540 δικαστήριον
1180 1473 1483 1537 ὑπαχθείς
1514 1471 1606 1532 VI,
1632 1473 1717 1525 72.

85 1548 193 1602 Cfr.
233 1549 303 1601 ib.
349 1554 469 1602 104.
509 1549 620 1609 ΙΧ,
662 1553 748 1601 93.
779 1581 853 1588 —
884 1553 1182 1616 νοστήσαντα
1215 1552 1272 1600 δέ
1298 1569 1384 1613 μιν
1415 1549 1649 1614 ὑπῆγον
1672 1548 1719 1598 οἶ

82 1626 256 1692 ἔχθροι
286 1625 405 1677 ὑπὸ
437 1625 573 1685 τούς
605 1628 859 1692 ἐφόρους
890 1623 994 1685 VI,
1024 1628 1110 1677 82.
1169 1626 1472 1683 Ξάνθιππος
1491 1626 1719 1675 θανάτου

82 1701 350 1763 ὑπαγαγὼν
396 1700 510 1751 ὑπὸ
558 1701 658 1751 τὰν
705 1703 892 1767 δῆμον
932 1702 1207 1750 Μιλτιάδεα
1251 1703 1418 1750 ἐδίωκε
1457 1704 1537 1766 τῆς
1564 1700 1718 1765 Ἀθη-

86 1782 240 1845 ναίων
274 1776 459 1843 άπάτης
489 1783 667 1828 εἵνεκεν
699 1775 767 1828 ib.
812 1778 934 1828 136.

235 1877 286 1947 c)
327 1876 511 1947 Neque
551 1895 669 1929 vero
708 1876 1154 1946 praetermittenda
1202 1887 1325 1929 sunt
1373 1875 1613 1945 exempla
1652 1875 1718 1926 il-

84 1953 182 2007 lius
222 1971 368 2012 usus,
408 1970 511 2024 quo
551 1951 764 2004 effertur
790 1949 1096 2024 significatio
1125 1950 1376 2022 praesidii:
1417 1950 1607 2002 α’πίκο
1620 1970 1719 2002 ντο

83 2034 131 2088 ἐς
163 2032 394 2094 Φάληρον
427 2028 541 2078 ὑπὸ
573 2028 672 2078 τὸν
704 2028 880 2085 πεζὸν
913 2031 1168 2093 στρατόν
1190 2026 1334 2085 VIII,
1358 2033 1446 2079 92.
1487 2031 1535 2085 ἐς
1567 2027 1720 2091 δὲτὴν

83 2108 281 2172 ἤπειρον
316 2103 579 2154 α’πέπλωον
611 2105 734 2161 ὅκως
764 2105 836 2153 ε”ω
848 2117 905 2153 σι
937 2103 1043 2154 ὑπὸ
1084 2103 1185 2154 τὸν
1233 2103 1411 2160 πεζὸν
1467 2105 1720 2167 στρατόν

83 2179 193 2239 IX,
235 2184 320 2231 96.
361 2176 429 2230 ib.
469 2177 623 2248 paulo
673 2177 827 2229 infra:
884 2176 996 2228 ὑπὸ
1042 2182 1257 2228 τοῦτον
1308 2178 1411 2229 τὸν
1459 2177 1719 2244 στρατὸν

84 2257 424 2321 ἐβουλεύσαντο
472 2274 616 2304 κατα
629 2273 666 2320 φ
679 2273 708 2304 υ
715 2255 783 2315 γό
796 2273 925 2312 ντες
972 2252 1020 2304 οἳ
1067 2257 1152 2304 τοῦ
1199 2257 1426 2306 ναυτικοῦ
1467 2259 1719 2321 στρατηγοὶ

86 2333 336 2398 ἀνειρύσαι
368 2330 451 2389 τάς
486 2334 609 2388 νέας.

234 2432 295 2502 d)
337 2430 580 2502 Denique
618 2428 920 2500 temporalis
960 2447 1083 2481 usus
1118 2447 1284 2481 unum
1312 2429 1611 2499 exemplum
1637 2429 1716 2482 af-

84 2508 298 2560 feratur:
338 2507 432 2558 ὕπὸ
463 2510 611 2556 ταῦτα
647 2505 722 2564 Π,
765 2508 872 2556 142
895 2503 959 2575 ²).

192 2669 219 2717 ¹)
247 2669 347 2705 Vide
374 2667 520 2715 Krueg.
548 2666 572 2703 l.
600 2676 629 2702 c.
657 2664 718 2707 ΙΙ.
746 2663 818 2706 68,
845 2664 909 2706 45,
937 2663 971 2699 2.

194 2732 223 2780 2)
250 2732 333 2769 Hoc
359 2732 439 2768 1000
466 2734 661 2770 notemus.
688 2728 950 2775 repetitionem
976 2726 1252 2774 praepositionis
1280 2726 1480 2763 insolitum
1504 2727 1542 2761 in
1563 2726 1716 2762 modum

88 2798 268 2834 omissam
289 2807 370 2833 esse
389 2794 463 2837 IV,
486 2793 577 2830 100:
606 2791 629 2839 ἦ
660 2789 842 2837 Σκυθικῆ
871 2788 1123 2836 α’ποκληΐεται
1149 2786 1228 2828 §nd
1255 2789 1427 2842 πρώτων
1442 2786 1716 2842 Ἀγαθύρσων,

85 2858 188 2907 μετὰ
227 2858 271 2897 δὲ
306 2855 494 2909 Νευρῶν,
530 2856 678 2895 ἔπειτεν
714 2853 757 2893 δὲ
786 2852 1089 2906 Ἀνδροφάγων,
1129 2854 1357 2892 τελευταίων
1390 2852 1433 2892 δὲ
1460 2852 1717 2902 Melanioni-

88 2935 182 2961 νων.
213 2942 256 2949 -
287 2920 361 2957 Cfr.
391 2920 493 2962 VII,
522 2918 573 2957 36
600 2923 639 2955 et
665 2931 753 2956 ann.
781 2918 927 2967 Krueg.
956 2917 1005 2953 ad
1031 2917 1137 2955 hune
1165 2918 1234 2956 loc.
