1881 3663
921 215 989 262 16

326 333 385 384 Β
379 332 414 405 )
463 332 598 385 Oum
635 334 854 388 Dativo.

271 445 358 495 Ἐν
397 453 451 496 et.
488 447 622 496 Σύν.
680 445 764 499 Ex
802 447 885 500 his
924 446 1377 519 praepoSitionibus
1404 448 1589 500 eodem
1615 467 1764 520 pror-

128 537 216 573 sus
256 519 428 580 modo,
468 538 572 591 quo
614 520 792 582 Attici,
832 521 1035 575 videtur
1073 520 1375 575 Herodotus
1415 523 1502 574 σύν
1540 511 1764 577 adhibu-

130 595 253 656 isse;
327 612 388 648 ao
466 614 786 669 quamquam
843 596 1007 657 idem,
1065 606 1124 650 ut
1181 596 1388 668 opinor,
1448 596 1501 650 in
1560 597 1765 652 univer-

128 690 247 725 sum
308 672 374 724 de
432 691 532 725 usu
586 672 781 725 voculae
830 675 883 724 ἐν
921 671 1168 725 affirmari
1207 680 1404 743 potest,
1445 691 1760 726 commemo·

125 757 305 800 rentur
343 756 520 800 tamen
559 747 843 801 locutiones
881 747 1158 809 nonnullae,
1200 746 1245 800 si
1272 766 1376 801 non
1412 746 1617 801 dialecti
1649 746 1764 805 He-

129 822 302 876 rodoti
340 822 492 893 plane
532 823 771 895 propriae,
811 832 866 875 at
904 823 1052 875 valde
1093 823 1140 876 ei
1171 822 1473 876 familiares:
1508 822 1764 887 ἀγάλματα

132 905 222 963 μὲν
270 905 353 947 καὶ
401 898 545 965 νηούς
591 905 675 947 καὶ
722 898 913 963 βωμούς
955 899 1041 950 οῦκ
1073 902 1135 950 ἐν
1167 901 1330 966 νόμῳ
1363 904 1767 965 ποιευμένους

134 975 390 1040 ἱδρύεσθαι
438 995 479 1023 κ.
528 995 566 1023 τ.
615 977 658 1022 λ.
714 971 761 1033 Ι,
815 978 935 1025 131.
992 1004 1067 1012 —
1120 974 1227 1031 τούς
1262 977 1433 1033 Ἴωνας
1463 978 1526 1026 ἐν
1557 975 1766 1027 οὐδενὶ

130 1052 285 1115 λόγῳ
317 1052 735 1113 ποιησάμενος
773 1046 823 1106 Ι,
868 1051 989 1100 153.
1071 1045 1178 1100 Cfr.
1219 1045 1330 1107 ΙΙΙ,
1375 1053 1459 1101 50.
1521 1048 1644 1111 VII,
1675 1056 1761 1103 14.

133 1127 229 1181 16,
268 1125 316 1174 3.
370 1123 455 1174 57.
496 1153 571 1160 ——
619 1125 683 1173 ἐν
731 1124 974 1189 ἐλαφρῷ·
1003 1127 1335 1174 ποιέεσθαι
1374 1121 1481 1183 ΠΙ,
1525 1128 1648 1177 154.
1689 1156 1763 1164 -

128 1203 193 1250 ἓν
241 1198 431 1266 ὁμοίῳ
484 1203 810 1249 ποιέεσθαι
859 1195 1021 1257 VIII,
1074 1202 1196 1251 109.
1238 1229 1314 1237 —-
1353 1202 1415 1250 ἒν
1447 1199 1760 1268 ἄνδραπό·

128 1277 246 1325 δων
290 1276 442 1341 λόγῳ
486 1278 809 1325 ποιέεσθαι
848 1270 952 1331 ΙΙΙ,
999 1277 1122 1326 125.
1202 1272 1297 1327 Cfr
1350 1271 1481 1333 VII,
1523 1279 1647 1328 222.
1686 1306 1762 1316 -—-

128 1353 189 1401 ἐν
241 1352 442 1416 κέρδει·
488 1355 814 1400 ποιέεσθαι
853 1345 949 1406 VI,
986 1351 1070 1400 13.
1126 1380 1200 1388 —
1245 1349 1554 1420 ἕν-ἆλονίῃ
1584 1357 1760 1402 ποιέ-

129 1429 312 1475 εσθαι
365 1422 500 1484 VII,
553 1428 678 1481 226.
724 1455 801 1463 —
839 1426 903 1474 ἒν
945 1423 1114 1493 οἷδείῃ
1156 1429 1481 1475 ποιέεσθαι
1519 1423 1631 1486 ΙΧ,
1672 1430 1760 1479 42.

128 1531 204 1540 --
243 1497 409 1552 Simil.
451 1503 514 1552 ἒν
546 1505 684 1571 τιμῇ
726 1503 984 1562 ἄγεσθαι
1024 1496 1074 1558 Ι,
1112 1502 1234 1552 134.
1286 1497 1368 1560 II,
1412 1503 1499 1553 83.
1540 1503 1601 1553 ἐν
1632 1506 1765 1573 τιμῇ

127 1581 428 1626 τίθεσθαι
483 1574 593 1634 ΙΙΙ,
654 1579 701 1626 3.
758 1606 833 1613 -—
889 1575 936 1624 οἳ
984 1576 1037 1623 δὲ
1083 1577 1144 1624 ἐν
1193 1582 1367 1639 φρενὶ
1400 1578 1681 1639 λαβόντες
1711 1578 1763 1627 τὰ

128 1655 340 1716 ποιηθὲν
371 1652 423 1699 ἐκ
459 1654 763 1714 Ψαμμιτίχου
795 1670 838 1699 κ.
871 1669 909 1698 τ.
944 1650 987 1697 λ.
1027 1646 1109 1707 ΙΙ,
1137 1652 1258 1707 151,
1295 1667 1454 1720 quam
1483 1648 1762 1703 dictionem

126 1745 156 1778 a
214 1724 585 1778 consuetudine
647 1723 900 1777 sermonis
950 1722 1115 1775 Attici
1154 1723 1308 1794 plane
1340 1724 1579 1777 recedere
1618 1725 1761 1778 affir—

127 1810 237 1854 mat
275 1798 474 1872 Krueg.
516 1799 596 1871 (in
635 1818 752 1852 ann.
792 1799 860 1852 ad
899 1797 1038 1851 huno
1076 1797 1290 1870 locum).

280 1887 363 1939 Ab
422 1905 519 1940 usu
579 1895 755 1939 autem
796 1885 1043 1958 loquendi
1083 1884 1380 1940 Atticorum
1419 1904 1630 1958 prorsus
1668 1887 1763 1942 ab·

123 1963 299 2015 horret
356 1962 489 2014 mira
545 1961 634 2014 illa
673 1961 895 2014 formula
933 1964 988 2012 ἐν
1038 1961 1285 2028 ἡμετέρου,
1326 1978 1445 2033 quae
1484 1961 1670 2032 legitur
1710 1962 1762 2023 I,

129 2041 197 2089 35
240 2047 293 2090 et
331 2035 465 2097 VII,
508 2041 556 2096 8,
598 2041 647 2088 4.
688 2054 782 2108 pro
822 2039 876 2088 ἓν
907 2037 1043 2102 ἡμῶν
1081 2035 1189 2089 scil.
1231 2040 1375 2099 οἷκίᾳ.

330 2272 400 2345 C)
450 2272 584 2327 C'um
625 2273 949 2327 Accusativo.

270 2387 424 2438 Ἅνᾶ.
504 2383 658 2438 Hanc
697 2384 934 2438 voculam
975 2383 1186 2436 omnino
1225 2385 1365 2456 apud
1406 2385 1609 2439 Atticos
1649 2406 1762 2441 raro

125 2481 221 2515 usu
263 2462 436 2514 venire
481 2461 698 2532 ejusque
738 2469 1055 2531 potestatem
1094 2468 1311 2530 anguste
1349 2460 1633 2513 admodum
1675 2482 1763 2516 va—

122 2537 251 2597 lere,
311 2536 508 2589 indicat
545 2534 747 2608 Krueg.
790 2535 849 2607 (l.
891 2552 935 2586 e.
977 2532 1006 2586 I
1045 2543 1078 2583 ἁ
1119 2531 1197 2593 ΙΙ,
1238 2531 1286 2607 ξ.
1330 2537 1426 2594 68,
1469 2539 1539 2587 20
1580 2544 1633 2589 et
1670 2556 1764 2595 an—

119 2613 269 2683 not..)
348 2610 414 2664 In
455 2610 762 2664 Herodoteo
806 2629 927 2663 vero
978 2628 1218 2662 sermone
1256 2609 1412 2662 aliam
1452 2629 1566 2663 esse
1604 2613 1763 2666 ratio-

122 2705 267 2748 nem,
310 2705 375 2739 ex
415 2686 498 2739 his
538 2685 793 2758 exemplis
835 2683 1057 2757 patebit:

271 2788 330 2858 a)
396 2785 654 2840 Primaria
701 2784 1016 2840 ascendendi
1055 2784 1133 2838 vis
1171 2783 1407 2855 subjecta
1445 2794 1526 2838 est
1563 2786 1646 2841 his
1684 2788 1763 2842 lo-

122 2864 220 2918 cis:
277 2864 394 2916 α’νοὶ
445 2864 547 2916 τὸν
595 2864 867 2928 ποταμὸν
914 2863 1009 2929 γὰρ
1051 2861 1111 2928 δὴ
1144 2859 1231 2911 οὐκ
1263 2861 1346 2912 οἷά
1373 2866 1425 2911 τέ
1453 2864 1549 2914 ἔστι
1580 2866 1762 2918 πλώειν

123 2940 283 2991 οὐδενὶ
314 2943 477 3008 τρόπῳ
509 2939 604 2991 ὑπὸ
638 2943 807 3004 τάχεος
835 2943 921 2991 τοῦ
952 2940 1175 3001 ποταμοῦ
1213 2934 1255 2995 Ι,
1283 2939 1405 2989 194.
1444 2968 1521 2977 -
1560 2936 1665 2992 Cfr.
1688 2939 1760 3003 Π,

123 3018 175 3068 4.
218 3019 303 3067 96.
353 3013 454 3078 ΠΙ,
492 3019 578 3069 13.
628 3013 732 3077 ΙΧ,
767 3019 854 3069 89.
899 3012 995 3075 IV,
1032 3015 1101 3067 18
1141 3012 1269 3083 (α’νοὶ
1300 3013 1384 3064 τὸν
1402 3019 1758 3083 Βορυσθένεα).
