1881 3663
983 1083 1332 1134 Corrigenda.

581 1192 669 1238 Pag.
697 1191 723 1228 7
751 1193 815 1227 lin.
876 1195 900 1227 5
1205 1191 1275 1237 leg.
1304 1189 1479 1239 μάλιστα

708 1281 718 1296 ,
771 1281 798 1299 ,,
854 1254 901 1289 12
928 1260 965 1289 et
998 1254 1042 1290 13
1227 1279 1252 1294 ,,
1305 1252 1366 1294 his
1393 1253 1491 1299 (scil.
1521 1253 1688 1289 cratibus
1717 1254 1881 1289 vimineis

874 1317 898 1354 9
926 1318 973 1353 ab
1001 1319 1069 1353 ult.
1228 1343 1254 1358 ,,
1308 1308 1592 1368 dijudicandum

785 1407 796 1422 ,
874 1380 944 1416 ult.
1211 1368 1213 1370 ¹
1231 1405 1255 1422 ‚‚
1310 1377 1466 1430 Πριήνη

608 1469 632 1484 ι»,
693 1442 719 1478 8
772 1468 795 1483 ‚-
873 1442 899 1477 8
1231 1468 1257 1484 ,,
1310 1441 1495 1491 ἐγένοντο

612 1533 636 1547 ,,
699 1532 723 1547 ,,
777 1533 802 1548 ,,
880 1505 905 1542 8
932 1506 977 1541 ab
1005 1506 1077 1541 ult.
1232 1531 1257 1547 ,,
1310 1503 1396 1543 οὔτε

610 1597 633 1615 ,,
676 1569 724 1607 10
777 1596 801 1612 ,,
882 1569 907 1606 8
1232 1594 1255 1610 ,,
1312 1566 1355 1606 δὲ

612 1658 635 1673 ,,
698 1658 722 1673 ,.
775 1658 800 1673 ,,
858 1633 902 1668 12
931 1632 977 1667 ab
1003 1633 1073 1667 ult.
1232 1658 1256 1672 ,,
1311 1630 1413 1682 πρός

610 1721 635 1736 ,,
655 1695 716 1729 ,11
774 1720 799 1736 ,.
855 1693 902 1730 13
929 1695 976 1730 ab
1004 1695 1073 1731 ult.
1228 1720 1253 1739 ,,
1303 1693 1490 1745 χρέονται

611 1783 635 1797 ,,
698 1782 724 1798 ,,
777 1783 802 1799 ,,
879 1757 904 1792 8
931 1758 977 1793 ab
1004 1758 1073 1793 ult.
1227 1782 1254 1799 ‚‚
1307 1752 1408 1794 οὕτω

612 1844 636 1861 n
676 1817 722 1854 ¹3
774 1846 797 1861 ,ς
878 1819 901 1853 5
1230 1843 1255 1859 ,ς
1309 1817 1462 1867 ἔγένέῐθ

613 1911 636 1927 ‚‚
681 1883 727 1917 14
780 1908 802 1926 ‚‚
883 1882 909 1918 8
936 1888 974 1918 et
1001 1880 1026 1918 9
1053 1883 1098 1918 ab
1128 1882 1198 1918 ult.
1230 1909 1254 1924 „
1306 1880 1496 1932 πρώτοισι

612 1970 638 1987 ,,
696 1970 721 1987 ,,
775 1971 800 1986 „
879 1943 903 1980 6
930 1945 977 1980 ab
1004 1944 1074 1980 ult.
1231 1970 1256 1987 ‚,
1312 1941 1366 1994 τῷ

612 2035 638 2051 ,,
678 2008 722 2043 15
776 2035 800 2051 ,,
883 2010 899 2044 l
1234 2034 1259 2051 ‚‚
1314 2007 1351 2044 τί

616 2098 641 2111 ,.
681 2071 727 2107 16
782 2098 806 2113 ,,
886 2072 956 2108 ult.
985 2082 1051 2117 pro
1078 2070 1128 2109 89
1235 2096 1259 2113 ,,
1312 2071 1364 2106 80
