1881 3663
885 192 955 242 33

107 317 227 382 πρὸς
256 321 561 371 Δωδωναίων
593 321 690 369 ἐπὶ
721 318 892 368 τοῦδε
923 314 977 364 αἳ
1010 325 1251 376 γυναῖκες,
1286 319 1406 368 διότι
1438 337 1480 367 κ.
1513 338 1552 367 τ.
1586 318 1629 367 λ.
1662 315 1729 375 Π,

111 392 210 443 57.
241 390 348 445 Cfr.
389 392 505 454 VH,
546 397 633 444 40.
676 395 763 444 83.
803 422 879 429 —
918 392 1281 486 Μελάγχλαινοι
1312 400 1481 457 εἵματα
1512 399 1601 457 μὲν
1640 395 1728 454 μέ-

108 469 238 517 λανα
280 474 505 535 φορέουσι
546 471 745 525 πάντες,
796 469 821 516 ἕ
829 486 871 516 π
915 465 994 516 ὤν
1033 473 1116 516 καὶ
1146 487 1232 525 τας
1264 470 1538 532 ἐπωνυμίας
1570 464 1730 531 ἔχουσι

106 539 196 601 IV,
240 545 362 595 107.
422 541 527 595 Cfr.
567 540 632 602 V,
675 546 761 594 69.
824 537 916 599 VI,
958 541 1045 592 47.
1094 539 1210 594 VH.
1255 546 1337 595 58.
1383 548 1467 594 61.
1512 545 1597 595 74.
1640 546 1749 593 91..

109 616 231 670 178.
270 622 323 689 τῇ
351 621 481 685 νήσῳ
514 620 614 668 ἐπὶ
645 621 749 668 τοῦ
781 618 1055 668 οἰκιστέω
1092 616 1255 709 Θήρα
1287 618 1314 683 ἦ
1346 621 1591 684 ἐπωνυμίη
1623 619 1728 678 ἐγέ-

106 711 211 742 νετο
243 673 335 752 IV,
380 696 502 744 148.
553 689 659 743 Cfr.
700 691 769 743 ib.
815 695 937 743 149.
979 694 1078 741 ἐπι
1108 695 1318 743 τούτου
1349 700 1431 743 και
1462 713 1609 743 τωυτο
1641 695 1729 743 οὔ-

106 787 235 832 νομα
268 767 657 832 ἆπεμνημόνευσε
681 768 1007 833 Ἱπποκράτης
1026 771 1094 834 τῷ
1124 771 1265 818 παιδὶ
1297 774 1487 818 θέσθαι
1506 769 1589 819 τὸν
1609 775 1728 818 Πει-

109 847 360 910 σίστρατον
392 845 492 891 ἐπὶ
523 845 624 891 τοῦ
654 846 952 910 Νέστορος
983 847 1423 910 Πεισιστράτου
1455 845 1733 906 ποιεύμενος

106 918 191 982 τὴν
223 921 499 981 ἐπωνυμίην
542 913 606 973 V,
649 919 734 966 65.
795 914 900 968 Cfr.
941 916 1010 968 ib.
1054 921 1122 970 68
1165 917 1312 987 (bis).
1390 922 1488 968 ἐπὶ
1528 921 1734 968 τούτου

107 995 175 1059 τῷ
222 994 378 1084 χρόνῳ
415 991 614 1055 οὕνομα
659 994 826 1052 γέγονε
861 991 1060 1058 Ἄφεταί
1102 989 1216 1052 VH,
1263 995 1383 1044 193.
1425 996 1529 1043 ἐπὶ
1569 996 1734 1044 τούτου

109 1071 192 1118 τοῦ
223 1067 386 1135 οὔρεος
418 1087 465 1118 οι
498 1068 762 1134 ἄνθρωποι
793 1065 922 1119 οὗτοι
969 1070 1275 1132 ἐπώνυμοι
1325 1071 1600 1131 ἐγένοντο
1639 1067 1732 1127 IV,

113 1147 235 1195 184.
276 1142 378 1194 ουδ’
412 1145 503 1205 ἔχω
535 1146 869 1219 συμβαλέσθαι
903 1146 985 1193 ἐπ’
1018 1146 1151 1195 ὅτευ
1180 1149 1265 1215 μιῇ
1312 1147 1450 1214 ἐούσῃ
1496 1150 1569 1216 γῇ
1587 1145 1731 1195 ουνό-

109 1238 238 1282 ματα
268 1220 500 1284 τριφάσια
532 1222 685 1268 κέεται
715 1215 806 1278 IV,
835 1222 922 1278 45,
962 1217 1051 1270 ubi
1091 1218 1238 1290 plura
1273 1218 1507 1289 ejusdem
1531 1217 1734 1289 generis

109 1292 348 1362 exempla
405 1292 748 1343 inveniuntur.
834 1290 1069 1343 Causalis
1127 1292 1433 1362 significatio
1488 1293 1737 1362 praevalet

111 1366 269 1420 etiam
307 1365 361 1418 in
388 1365 487 1418 hoc
513 1365 774 1437 exemplo:
809 1365 1052 1433 ’Λργείους
1078 1369 1261 1428 λέγεται
1283 1369 1692 1431 ἒπισταμένους,”
1663 1387 1738 1437 οτι

112 1442 170 1493 οὗ
210 1443 535 1505 μεταδώσουσι
565 1445 646 1506 τῆς
686 1440 831 1505 αρχῆς
872 1444 1280 1507 Λακεδαιμόνιοι,
1329 1447 1612 1505 μεταιτέειν,
1655 1448 1739 1490 ἰ’να

112 1520 213 1567 ἐπὶ
245 1518 579 1583 προφάσιος
609 1516 803 1580 ἡσυχίην
837 1516 990 1577 ἄγωσι
1008 1512 1304 1573 VII.150.

261 1617 312 1683 c)
358 1611 464 1671 Qui
502 1632 622 1667 vero
656 1613 778 1666 huic
803 1613 1056 1667 finitimus
1084 1622 1164 1666 est
1190 1632 1339 1674 usuS‚
1380 1632 1484 1684 quo
1512 1616 1594 1664 ἐπί
1621 1631 1739 1664 cum

112 1689 315 1744 verbis
340 1686 682 1760 percipiendi,
742 1689 1109 1759 cognoscendi,
1167 1689 1282 1741 sim.
1333 1707 1610 1759 personam
1659 1687 1742 1740 vel

113 1782 224 1816 rem
277 1762 533 1833 designat,
594 1781 658 1814 ex
705 1780 807 1832 qua
857 1763 1121 1834 perceptio
1169 1763 1366 1833 quaevis
1416 1772 1469 1815 et
1518 1761 1742 1832 cognitio

113 1835 458 1910 proficiscitur
496 1846 549 1889 et
586 1836 908 1897 informatur,
968 1838 1077 1909 ejus
1116 1855 1220 1889 non
1260 1837 1410 1889 facile
1448 1837 1590 1909 apud
1628 1834 1742 1887 He-

113 1913 357 1965 rodotum
394 1911 620 1981 reperias
659 1910 824 1963 ullum
863 1912 1187 1983 exemplum,
1228 1911 1273 1964 si
1298 1911 1513 1983 quidem
1538 1909 1640 1971 IX,
1671 1913 1741 1963 83

115 2005 231 2058 pro:
271 1989 429 2052 ἐφάνη
460 1993 544 2035 καὶ
575 1988 681 2036 τόδε
711 1988 906 2054 ὕστερον
938 1990 1037 2037 ἐπι
1067 1990 1288 2038 τούτων
1318 1991 1415 2038 τοῖν
1448 1991 1631 2054 νεκρῶν
1652 2006 1743 2036 πε-

116 2064 488 2129 ριψιλωθέντων
518 2082 604 2119 τας
644 2063 848 2128 σάρκας,
887 2071 947 2114 ut
985 2063 1113 2115 dant
1151 2060 1309 2113 Dind.
1351 2071 1404 2114 et
1446 2059 1618 2121 Stein,
1669 2061 1744 2113 le-

114 2154 228 2207 gas:
268 2138 427 2203 ἒφάνη
458 2137 511 2185 δὲ
550 2141 634 2184 καὶ
674 2138 781 2186 τόδε
816 2137 1012 2202 ὕστερον
1058 2138 1125 2185 ἔτι
1172 2139 1371 2187 τούτων·
1420 2140 1516 2187 τῶν
1565 2140 1747 2201 νεκρῶν

118 2213 554 2281 περιψιλωθέντων
585 2210 670 2268 τὰς
702 2214 882 2277 σάρκας
912 2231 955 2260 κ.
987 2231 1025 2261 τ.
1060 2212 1124 2269 λη’,
1168 2228 1288 2281 quae
1328 2210 1534 2281 legendi
1574 2219 1627 2262 et
1664 2210 1746 2261 in—

117 2284 460 2357 terpungendi
479 2284 610 2337 ratio
638 2284 891 2355 superiori
917 2294 1165 2356 praestare
1191 2285 1411 2337 videtur.
1438 2283 1747 2356 Kruegerus

118 2361 330 2433 quidem
370 2360 503 2412 hanc
548 2368 714 2412 totam
760 2359 1220 2420 narratiunculam,
1260 2368 1314 2412 et
1351 2376 1471 2431 quae
1509 2359 1749 2431 proxime

119 2435 367 2506 sequitur,
405 2434 761 2505 interpolatori
800 2434 954 2486 alicui
993 2434 1173 2487 deberi
1211 2434 1519 2504 suspicatur.

272 2535 335 2605 d)
388 2533 660 2586 Primitiva
705 2533 906 2587 nitendi
951 2533 1258 2604 significatio
1297 2533 1454 2603 hujus
1494 2532 1749 2603 praeposi-

122 2608 278 2663 tionis
317 2607 600 2681 praevalere
639 2606 770 2677 mihi
809 2608 1012 2662 videtur
1050 2606 1106 2681 in
1144 2607 1404 2662 locutione
1443 2606 1533 2661 illa
1572 2606 1750 2678 singu-

122 2685 240 2747 lari,
280 2701 399 2757 quae
436 2682 691 2754 reperitur
727 2681 838 2744 IX,
881 2688 973 2735 11:
1011 2687 1164 2734 ταῦτα
1196 2686 1434 2745 λεγόντων
1465 2686 1562 2734 τῶν
1604 2682 1751 2744 α’γγέ-

125 2764 225 2814 λων
257 2782 305 2813 οι
335 2762 504 2827 ἔφοροι
534 2763 677 2811 εἶπαν
723 2761 806 2810 ἐπ’
854 2762 1056 2826 ὅρκου,
1111 2765 1196 2809 και
1237 2759 1297 2844 δη
1328 2761 1513 2811 δοκέειν
1539 2761 1593 2809 ἐν
1618 2758 1753 2825 Ὀρε-

127 2842 263 2907 στείῳ
312 2841 580 2901 στειχοντας
626 2837 708 2886 ἐπὶ
747 2854 854 2894 τους
884 2839 1093 2896 ξείνους,
1152 2833 1301 2905 quasi
1341 2832 1631 2887 ”substrato
1671 2832 1754 2885 vel

127 2911 398 2985 supposito
430 2909 770 2982 juramento'ss
808 2919 868 2963 ut
903 2908 1119 2963 Kuehn.
1161 2908 1255 2962 Gr.
1297 2906 1390 2961 Gr.
1430 2908 1505 2969 H,
1548 2912 1673 2969 611,
1712 2908 1754 2968 I,

128 3005 175 3042 a.
214 2987 346 3042 bene
384 2984 622 3057 explicat.

1508 3149 1533 3172 Q
