1881 3663
905 301 971 351 31

124 423 342 491 κεφαλὴν
389 425 605 492 ποιήσειν
644 428 796 475 ταῦτα
828 421 944 484 VH,
972 427 1094 477 136.
1132 454 1206 465 ——
1246 430 1430 494 Πέρσαι
1463 430 1652 490 οἴχοντο
1686 424 1751 476 ἆ-

126 502 408 558 mmm,
459 503 829 557 ἑσσωθέντες
874 502 1039 570 γνωμῃ
1062 501 1222 565 πρὸς
1254 505 1449 569 Κύρου
1478 500 1578 562 ΙΧ,
1622 506 1747 555 122.

125 606 201 614 —
231 576 292 625 τὰ
332 581 421 640 μὲν
464 577 522 643 δή
555 578 684 626 ἄλλα
715 577 864 642 ὄρνεα
895 581 980 625 καὶ
1013 580 1168 643 θηρία
1198 579 1363 643 φεύγει
1392 579 1477 629 τὸν
1508 580 1751 645 κροκόδει-

125 653 237 710 λον,
287 651 315 703 ὅ
354 654 416 702 δὲ
464 654 679 719 τροχίλος
724 653 970 717 εῑρηνατόν
1015 658 1065 702 01
1093 654 1214 710 ἐστι,
1249 656 1333 702 ἅτε
1365 654 1751 721 ὠφελεομένῳ

125 728 274 794 πρὸς
303 727 481 778 αὐτοῦ’
509 727 578 788 Π,
607 730 694 779 68.

276 831 468 891 λέγουσί
514 843 601 895 σφι
649 828 790 892 τιμὰς
836 828 991 885 ἄλλας
1038 828 1338 878 δεδόσθαι
1378 829 1523 895 πρὸς
1556 833 1753 895 σφέων

123 901 214 963 IV,
255 906 341 956 35.
399 935 460 942 --
506 908 693 962 δείσας,
742 904 807 969 μή
859 901 1227 970 α’παιρεθέω
1275 904 1359 969 τὴν
1408 904 1560 970 α’ρχῆν
1607 904 1753 971 πρὸς

120 982 223 1030 τοῦ
254 979 574 1045 α’δελφεοῦ,
611 981 817 1045 ἐποίησα
848 980 1079 1045 ταχύτερα
1110 981 1140 1044 ἢ
1172 981 1426 1044 σοφώτερα
1457 977 1551 1036 ΠΙ,
1584 982 1670 1030 65.

273 1080 328 1151 δ)
387 1078 689 1136 Afferantur
744 1079 968 1151 denique
1026 1079 1063 1131 ii
1121 1078 1242 1140 loci,
1301 1079 1392 1132 ubi
1446 1079 1558 1133 sine
1597 1078 1754 1133 verbo

123 1154 229 1208 ullo
284 1154 489 1228 passivo
528 1158 649 1224 πρός
687 1156 896 1228 ponitur
935 1175 964 1209 e
1002 1152 1327 1209 substantivo
1367 1167 1458 1210 aut
1497 1154 1751 1226 adjectivo

124 1240 214 1283 aut
251 1231 509 1285 locutione
547 1233 807 1302 passivam
845 1231 951 1283 vim
991 1230 1258 1283 obtinente
1297 1240 1500 1301 aptum:
1543 1234 1752 1282 δουλο-

124 1308 309 1373 σύνην
340 1308 574 1373 διέφυγον
608 1308 754 1375 πρὸς
786 1311 1059 1373 Περσέων
1090 1305 1183 1365 ΠΙ,
1214 1310 1299 1358 19.
1379 1303 1488 1359 Cfr.
1529 1302 1621 1366 VI,
1662 1311 1750 1358 45.

124 1378 250 1440 VH.
308 1385 430 1433 154.
486 1379 596 1440 IX,
648 1383 735 1434 27.
784 1412 860 1419 —
907 1386 1070 1431 ταῦτα’
1102 1383 1230 1442 ἔλεγε
1270 1381 1531 1448 ἀποθήκην
1560 1383 1752 1446 μέλλων

122 1459 416 1524 ποιήσεσθαι
463 1459 511 1516 ἐς
556 1457 641 1510 τὸν
696 1461 905 1524 Πέρσην,
937 1464 1047 1516 ἵνα,
1087 1460 1147 1523 ἢν
1180 1459 1278 1526 ἄρα
1309 1463 1354 1507 τί
1382 1478 1468 1522 μιν
1500 1460 1751 1523 καταλαμ-

121 1535 247 1605 βάνῃ
293 1534 439 1602 πρὸς
482 1533 831 1600 Ἀθηναίων
872 1537 1097 1591 πάθος,
1131 1534 1211 1604 ἔχῃ
1244 1533 1558 1600 ἀποστροφήν
1597 1531 1754 1593 VHI.

125 1612 246 1661 109.
302 1640 378 1648 -
434 1609 678 1675 ἡμερώσας
709 1613 763 1659 δὲ
793 1613 1047 1670 Αἴγυπτον
1078 1609 1164 1673 τήν
1196 1612 1520 1673 ἐξυβρίσασαν
1554 1624 1754 1675 στρατη-

122 1686 257 1754 λάτεε
304 1685 521 1752 ἐπὶατάς
564 1684 807 1750 Ἀθήνας,
858 1690 942 1733 ἵνα
974 1687 1150 1744 λόγος
1180 1688 1231 1732 τέ
1260 1700 1318 1733 σε.
1342 1687 1422 1754 ε”χῃ
1453 1684 1608 1751 πρὸς
1640 1684 1751 1734 α’ν-

122 1762 382 1826 θραίπων
414 1759 610 1821 οῗγαθός
641 1757 757 1819 VH,
788 1763 836 1810 5.
857 1789 932 1798 -—
971 1758 1108 1811 αὔτοὶ
1140 1760 1194 1809 δὲ
1225 1761 1337 1824 ἐμεῦ
1367 1762 1600 1825 πρότερον
1632 1761 1743 1826 δεη-

119 1840 294 1891 θέντος
332 1864 407 1873 —
439 1828 806 1901 ἐπισκήπτοντός
836 1853 884 1883 τε
916 1835 999 1886 τὸν
1030 1838 1237 1901 Δωριέος
1269 1836 1416 1901 πρὸς
1442 1834 1750 1896 Ἐγεσταί-

121 1930 200 1962 ων
243 1912 434 1976 φόνον
472 1913 812 1978 ἐκπρήξασθαι
851 1910 958 1959 οὔτε
1000 1912 1114 1974 ἐμεῦ
1143 1916 1323 1961 εἵνεκεν
1354 1913 1528 1976 ἤλθετε
1560 1931 1602 1960 κ.
1634 1931 1673 1960 τ.
1708 1913 1751 1960 λ.

118 1983 234 2044 VII,
278 1987 400 2038 158.
441 2016 517 2025 —
556 1990 645 2038 νῦν
678 1985 748 2037 ὧν
777 1985 911 2048 ὑμεῖς
940 1987 1054 2035 τάδε
1085 1988 1331 2043 ποιεῦντες
1362 1986 1493 2044 ἐκτὸς
1521 1992 1612 2049 μὲν
1642 1988 1747 2036 ἔσε-

118 2066 213 2110 σθε
253 2060 404 2129 πρὸς
446 2064 685 2113 ἐκείνου
723 2064 949 2127 αἰτίης,
992 2060 1124 2119 ἐκτὸς
1155 2062 1209 2118 δὲ
1240 2061 1391 2128 πρὸς
1421 2059 1616 2128 ἡμέων
1654 2058 1747 2120 IV,

128 2138 250 2187 133.
270 2167 343 2176 —-
359 2138 653 2201 Μεγάβαζος
683 2139 870 2188 ἐλίπετο
904 2135 1166 2187 α’θάνατον
1183 2139 1372 2202 μνήμην
1391 2136 1538 2202 πρὸς
1558 2138 1752 2202 Ἑλλη-

116 2215 425 2261 σποντίων
463 2208 554 2270 IV,
598 2215 722 2262 144.
750 2240 825 2248 -
865 2213 1059 2277 ἐπέτηξε
1090 2211 1179 2262 τὸν
1207 2212 1356 2277 κηρὸν
1387 2214 1470 2262 ἐπὶ
1501 2212 1562 2261 τὰ
1592 2214 1751 2279 γράμ-

114 2306 273 2350 ματα,
327 2293 411 2337 ἵνα
462 2288 732 2353 φερόμενον
779 2285 942 2336 κεινὸν
989 2286 1042 2336 τό
1091 2288 1277 2337 δελτίον
1323 2289 1475 2352 μηδὲν
1506 2292 1754 2353 πρῆγμα

118 2366 322 2428 παρέχοι
354 2361 498 2428 πρὸς
528 2365 645 2412 τῶν
677 2360 1079 2426 ὁδοφυλάκων
1110 2357 1235 2419 VII,
1266 2364 1400 2420 2393
1429 2361 1509 2432 (at
1535 2360 1634 2413 hoc
1661 2372 1747 2414 to-

113 2446 229 2488 tum
276 2445 432 2507 caput.
476 2453 508 2488 a
546 2453 703 2488 manu
759 2434 1141 2506 interpolatoxtis
1180 2434 1472 2506 profectum
1514 2454 1628 2490 esse
1662 2436 1750 2508 ju·

117 2511 292 2564 dicant
330 2509 531 2582 Krueg.
572 2520 625 2562 et
664 2509 918 2580 Abicht.).

267 2613 465 2677 γνώμην
525 2614 655 2674 εἶχον
717 2610 1026 2676 α’τρεμίζοντοί
1076 2626 1128 2660 σε
1176 2631 1342 2674 μακα
1356 2612 1523 2674 ριστὸ
1537 2632 1566 2663 ν
1617 2616 1749 2665 εἶναι

113 2687 264 2754 πρὸς
303 2689 547 2739 πάντων
584 2686 924 2753 α’νθριόπων
963 2681 1086 2745 VII,
1128 2688 1214 2739 18.
1263 2716 1338 2725 -—
1377 2686 1433 2736 αἱ
1465 2688 1574 2754 λῖην
1606 2690 1743 2753 ἰσχυ-

113 2770 197 2827 ραὶ
227 2769 450 2828 τιμωρίαι
482 2763 629 2829 πρὸς
663 2761 822 2812 θεῶν
854 2765 1197 2826 ἐπίφθονοι
1228 2767 1452 2822 γίνονται
1488 2761 1583 2822 IV,
1614 2768 1739 2815 205.

112 2834 219 2891 Cfr.
269 2835 401 2898 VII,
455 2840 585 2899 139,
629 2835 718 2892 ubi
756 2845 932 2890 tamen
969 2841 1200 2899 γίνεσθαι
1240 2836 1494 2891 omissum
1536 2848 1630 2892 est.
1671 2871 1739 2880 —

111 2916 293 2974 λόγου
342 2914 592 2972 οὐδενὸς
640 2915 948 2976 γινόμεθα
998 2912 1146 2978 πρός
1197 2917 1470 2979 Περσέων
1518 2911 1572 2972 Ι,
1618 2917 1745 2966 120.

110 2988 233 3055 ἦσαν
264 2989 325 3039 δὲ’
349 2988 481 3041 οὗτοι
513 2989 561 3040 οἳ
593 2991 900 3054 διαφέροντές
931 3008 978 3037 τε
1009 2988 1095 3053 τήν
1122 2991 1298 3057 ψῆφον
1318 2995 1401 3038 καὶ
1429 2990 1631 3047 ἐόντες
1651 2991 1743 3041 λό-

108 3083 216 3130 γου
248 3064 397 3135 πρὸς
427 3068 700 3134 Περσέων
733 3062 827 3128 IV,
858 3065 981 3118 138.
