1881 3663
908 303 940 350 9

100 500 229 556 11.
310 498 399 559 Dc
445 497 1022 575 praepositionibus
1069 498 1332 561 casibus
1383 498 1738 576 adjunctis.

261 622 522 697 Sequitur,
564 634 621 678 ut
674 625 729 677 in
787 644 887 679 usu
940 625 1261 699 singularum
1312 627 1741 700 praepositionum

104 701 231 773 quid
290 700 518 753 maxime
574 700 825 754 dialectus
883 700 1183 755 Herodotea
1222 702 1287 754 ab
1327 703 1556 755 oratione
1596 701 1741 755 Atti-

104 795 282 831 corum
308 773 516 830 differre
544 774 792 838 videatur,
824 794 1207 850 persequamur.
1267 776 1407 831 Ante
1434 795 1555 831 vero
1581 795 1741 849 quam

105 853 172 905 ad
190 869 193 871 ·
209 852 534 924 propositum
575 853 856 925 aggredior,
895 871 1060 925 pauca
1097 854 1163 906 de
1202 854 1315 925 ipsa
1354 853 1542 905 harum
1581 871 1738 904 vocu-

100 927 267 980 larum
306 927 639 981 collocatione
678 928 996 999 praemittere
1038 928 1179 981 haud
1214 928 1443 981 alienum
1480 926 1736 980 existimo.

257 1013 600 1067 Inveniuntur
658 1016 796 1069 enim
855 1015 1102 1087 permulti
1151 1015 1274 1074 loci,
1315 1013 1405 1067 ubi
1442 1014 1745 1087 praepositio

106 1100 186 1142 est
223 1098 314 1142 aut
353 1089 423 1148 ei,
461 1091 528 1142 ad
567 1091 708 1162 quod
745 1091 996 1161 pertinet,
1036 1089 1285 1143 vocabulo
1324 1088 1614 1160 postposita
1652 1098 1744 1142 aut

106 1163 241 1218 inter
295 1183 485 1217 nomen
538 1176 592 1218 et
648 1166 957 1219 attributum
1018 1165 1227 1219 inserta.
1308 1162 1482 1223 Quam
1521 1164 1742 1218 colloca—

107 1237 318 1300 tionem,
357 1240 402 1292 si
440 1248 550 1307 περί
586 1241 661 1313 (et
699 1245 861 1308 ἕνεκα)
902 1241 1179 1311 exceperis,
1221 1240 1275 1293 in
1320 1239 1564 1292 omnibus
1604 1257 1741 1310 prae-

106 1314 448 1385 positionibus
488 1316 692 1369 Atticos
733 1317 1007 1388 scriptores
1046 1315 1251 1374 vitasse,
1292 1314 1419 1367 satis
1459 1323 1663 1367 constat
1682 1314 1740 1385 ¹).

111 1387 229 1448 Qua
287 1390 341 1442 in
394 1409 450 1443 re
510 1391 888 1444 observandum
947 1400 1027 1443 est
1074 1389 1406 1443 Herodotum
1445 1389 1500 1442 in
1539 1389 1742 1443 duabus

105 1473 326 1524 tantum,
365 1471 475 1531 περί
513 1475 566 1534 et.
606 1466 708 1516 a'no'
736 1496 812 1505 —
834 1474 888 1519 et
926 1471 1037 1530 περὶ
1074 1465 1289 1536 quidem
1316 1464 1603 1518 innumeris
1629 1465 1737 1518 fere

105 1538 229 1591 locis
292 1572 347 1578 —
414 1540 558 1592 illam
617 1540 964 1611 postponendi
1003 1539 1278 1600 rationem,
1318 1538 1581 1592 inserendi
1620 1558 1741 1592 vero

106 1612 160 1665 in
213 1613 448 1684 pluribus
508 1620 663 1682 (περὶ,
706 1618 808 1675 ἐπὶ,
850 1615 974 1675 α’νά,
1019 1618 1095 1673 ἐν,
1129 1617 1270 1682 μετά)
1331 1623 1570 1666 secutum
1610 1633 1740 1668 esse.

106 1718 179 1727 —
218 1689 394 1759 Atque
433 1690 617 1760 prioris
656 1691 857 1761 generis
898 1691 1012 1743 haec
1051 1689 1336 1745 afferantur
1375 1689 1638 1759 exempla:

258 1780 417 1841 πέριε
474 1774 527 1834 Ι,
583 1780 668 1828 32.
699 1771 806 1829 69.
861 1781 984 1829 111.
1030 1781 1153 1828 120.
1197 1780 1320 1827 124.
1365 1776 1488 1828 157.
1567 1775 1649 1836 ΙΙ,
1693 1782 1741 1828 5.

111 1852 193 1901 10.
238 1854 324 1902 19.
366 1853 453 1901 22.
495 1851 582 1902 27.
627 1853 713 1902 34.
755 1854 843 1902 43.
885 1855 972 1903 44.
1017 1855 1103 1902 54.
1136 1853 1261 1902 100.
1292 1853 1417 1902 101.
1448 1853 1555 1902 135
1591 1849 1741 1919 (bis).

110 1928 231 1976 146.
275 1928 398 1977 148.
441 1926 563 1977 171.
627 1924 729 1986 III,
771 1929 857 1978 23.
900 1930 970 1979 98
1012 1925 1128 1998 (τῶν
1159 1932 1244 1975 καὶ
1276 1931 1421 1992 πέρι).
1477 1923 1571 1985 IV,
1617 1928 1738 1979 127.

112 2003 217 2052 183
260 2004 378 2065 (τῶν
408 2001 538 2066 ἡμεῖς
569 2005 718 2068 πέρι).
796 1999 862 2060 V,
906 2005 991 2054 10.
1035 2006 1121 2054 49.
1201 1999 1303 2060 VI,
1348 2001 1418 2053 57
1465 2000 1612 2072 (bis).
1655 2005 1744 2062 86,

114 2079 160 2126 1.
222 2074 356 2134 VII,
397 2077 485 2127 47.
530 2079 653 2128 102.
696 2076 804 2128 237
846 2076 988 2148 (bis).
1062 2073 1224 2135 VIII,
1267 2079 1353 2127 19.
1397 2079 1482 2128 36.
1525 2080 1613 2128 49.
1658 2076 1745 2129 77.

107 2152 215 2275 ὲὲ3
235 2155 378 2277 ἑςερὶ
408 2155 503 2201 τῶν
534 2152 814 2218 παρεόντων
846 2160 930 2202 καὶ
961 2151 1047 2203 οὐκ
1080 2153 1245 2203 ἄλλων
1261 2156 1436 2218 πέρι).
1468 2152 1593 2204 137.
1633 2149 1739 2212 IX,

257 2316 402 2363 ἄπο.
432 2315 598 2378 ταύτης
631 2313 700 2363 ὦν
733 2315 851 2363 ἄπο
884 2311 961 2372 ΙΙ,
993 2317 1041 2363 6.

257 2398 566 2453 Posterioris
605 2417 725 2453 vero
764 2399 912 2454 haecr

260 2482 316 2541 α)
372 2481 510 2542 πέρι
559 2480 643 2527 τοῦ
686 2478 844 2542 ἑτέρου
876 2480 928 2527 δὲ
961 2480 1069 2543 πέρι
1094 2476 1375 2542 “Ηρακλέως.
1414 2473 1498 2534 II,
1541 2478 1628 2528 43.
1672 2506 1740 2515 -

109 2556 299 2619 θηρίων
341 2557 449 2618 πέρι
481 2552 601 2618 ἱρῶν
639 2551 707 2604 ib.
753 2553 836 2604 76.
877 2582 952 2590 —
989 2555 1086 2603 τῶν
1116 2557 1205 2615 μὲν
1236 2553 1363 2601 κάτω
1395 2555 1503 2616 πέρι
1538 2553 1741 2617 οἴκημά-

111 2645 206 2679 ww
237 2626 306 2679 ib.
351 2630 475 2680 148.
513 2657 588 2666 —
612 2628 939 2694 Ὑπερβορέων
971 2630 1025 2677 δὲ
1057 2631 1165 2692 πέρι
1198 2626 1498 2692 ἀνθρώπων.
1529 2624 1622 2685 IV,
1653 2629 1740 2677 32.

112 2732 187 2741 -—
220 2703 634 2769 παρακαταθήκης
665 2709 773 2770 πέρι
807 2706 1024 2770 ξεινικῆς.
1056 2699 1121 2761 V,
1165 2705 1251 2762 92,
1295 2702 1342 2754 7.
1383 2731 1457 2740 -
1495 2704 1604 2767 μιῆς
1636 2705 1745 2767 πέρι

113 2784 384 2842 παρθένου.
433 2776 536 2837 VI,
592 2781 713 2830 130.
755 2808 831 2817 ——
885 2776 1022 2832 Cum
1079 2775 1370 2830 accusativo
1410 2777 1740 2849 conjunctum

111 2850 457 2923 interponitur
512 2858 622 2921 περί
677 2852 729 2905 in
769 2852 1027 2906 locutione
1065 2856 1156 2918 γῆν
1188 2859 1300 2919 περὶ
1331 2856 1499 2904 πᾶσαν
1532 2851 1610 2912 ΙΙ,
1655 2856 1742 2903 21.

108 2924 202 2986 IV,
243 2930 293 2980 8.

212 3075 239 3122 ¹)
280 3075 354 3112 Cfr.
382 3076 526 3125 Kmeg.
555 3078 592 3123 Ι,
623 3079 658 3125 fi.
686 3077 762 3122 68.
788 3078 814 3115 4
841 3082 879 3115 et
905 3087 991 3115 ann.
1046 3075 1186 3114 Matth.
1215 3075 1277 3118 II,
1305 3077 1339 3123 g.
1368 3074 1457 3118 595,
1487 3074 1524 3111 3.
1578 3076 1738 3114 Kuohn.

103 3137 167 3181 ΙΙ,
199 3140 235 3186 5.
264 3138 359 3183 626,
388 3151 419 3178 c.
