1881 3663
872 379 940 427 13

96 506 187 560 ubi
246 514 423 557 tamen
461 519 626 572 quum
674 499 887 554 difficile
925 499 1011 560 sit,
1050 517 1167 571 quae
1204 500 1274 554 sit
1309 518 1430 553 vera
1468 498 1566 552 loci
1604 517 1725 552 sen-

99 579 284 639 tentia,
342 575 651 649 dijudicare,
707 574 773 627 de
812 573 1181 646 significatione
1219 573 1602 647 praepositionis
1640 572 1727 626 ni-

98 656 172 709 hil
219 672 312 725 pro
352 660 493 705 certo
533 649 782 702 affirmari
820 658 996 720 potest
1015 652 1075 719 ¹).
1123 681 1199 690 --
1237 649 1438 702 Eadem
1477 649 1578 702 loci
1617 649 1723 720 sig-

99 727 324 783 nificatio
378 725 591 780 subesse
630 723 834 777 videtur
870 723 925 777 in
964 722 1015 784 I,
1062 728 1154 778 50:
1209 725 1273 784 ὦς
1303 728 1357 776 δὲ
1387 728 1447 776 ἐκ
1478 729 1573 791 τῆς
1603 729 1722 774 θυ-

93 812 224 873 σίης
272 805 480 867 ἔγενετο,
530 803 883 865 καταχεάμενος
930 821 971 851 κ.
1023 821 1062 850 τ.
1100 803 1144 852 λ.
1183 800 1273 854 ubi
1310 804 1363 851 ἐκ
1400 800 1474 852 ita
1511 799 1722 870 ponitur

92 891 152 935 ut
188 879 379 952 saepius
417 876 557 949 apud
594 874 926 930 Herodotum
964 877 1077 929 α’πό.

241 981 293 1049 b)
342 977 610 1032 Iudicatur
636 977 889 1039 delectuS,
929 978 1074 1049 cujus
1113 974 1522 1048 significationis,
1559 993 1722 1046 quum

92 1055 350 1128 permulta
407 1053 565 1105 etiam
621 1053 762 1124 apud
821 1052 1026 1105 Atticos
1080 1051 1406 1110 inveniantur
1460 1050 1721 1120 exempla,

95 1131 197 1183 duo
237 1138 440 1182 tantum
480 1127 780 1181 Herodotea
819 1126 1126 1181 notabiliora
1164 1125 1378 1180 addam:
1425 1127 1545 1190 μετὰ
1576 1128 1630 1176 δὲ
1661 1128 1722 1176 ἐκ

92 1207 325 1257 πάντων
355 1203 639 1272 ὑπεκρίνατο
663 1205 880 1262 Ἱστιαῖος
917 1203 949 1255 i.
979 1222 1022 1255 e.
1063 1201 1299 1255 ”nomine
1325 1198 1605 1254 omnium.''
1624 1198 1719 1260 IV,

96 1283 217 1332 139.
277 1283 562 1347 προηγόρευε
594 1281 647 1331 εὖ
677 1282 847 1344 ἔχοντα
878 1282 938 1329 ἐκ
971 1282 1210 1331 πάντων
1246 1280 1588 1343 Θεμιστοκλέης
1619 1277 1652 1328 i.
1673 1295 1717 1327 e.

89 1353 227 1425 ''prae
267 1354 507 1408 omnibus
547 1353 793 1409 ducibus”
833 1352 990 1427 VIII,
1032 1356 1119 1407 83.

239 1456 289 1523 c)
334 1452 631 1526 Usurpatur
669 1455 782 1507 haee
820 1453 1119 1524 praepositio
1160 1454 1225 1506 de
1264 1462 1472 1505 auctore
1513 1452 1588 1504 rei
1620 1451 1715 1504 ali·-

86 1529 231 1601 cujus

239 1615 292 1685 a)
333 1625 451 1687 post
476 1614 633 1667 verba
671 1613 972 1686 aecipiendi,
992 1614 1260 1674 audiendi,
1301 1615 1557 1667 discendi:
1596 1619 1655 1664 εἴ
1660 1636 1721 1678 χε

87 1693 139 1745 τὸ
172 1694 340 1756 κράτος
370 1696 451 1758 τῆς
482 1695 696 1758 στρατιῆς
736 1693 795 1741 ἐκ
826 1693 1109 1755 βασιλέος
1141 1688 1243 1750 ῙΧ,
1264 1694 1351 1742 42.
1395 1688 1500 1742 Cfr.
1522 1688 1563 1750 Ῑ,
1596 1694 1718 1742 192.

88 1769 354 1824 οἰκούσας
384 1771 532 1817 ταῦτα
563 1770 624 1816 ἐκ
654 1771 757 1816 τοῦ
795 1769 1045 1832 κήρυκος
1085 1764 1187 1825 ΙΙΙ,
1230 1770 1315 1817 62.
1374 1763 1479 1817 Cfr.
1522 1763 1585 1823 V,
1630 1768 1715 1817 13.

87 1873 163 1881 --
182 1844 346 1891 θέλων
378 1843 431 1891 δὲ
461 1843 638 1892 τούτων
670 1846 777 1906 πέρι
811 1846 962 1905 σαφές
992 1862 1036 1891 τι
1067 1843 1304 1892 εἰδέναι
1336 1844 1393 1900 ἐξ
1426 1840 1501 1891 ὧν
1534 1841 1637 1891 οἷόν
1668 1861 1717 1890 τε

81 1917 140 1983 ἦν
172 1937 214 1966 κ.
245 1936 285 1966 τ.
318 1918 361 1965 λ.
402 1913 473 1975 ΙΙ,
514 1920 601 1967 44.
641 1945 717 1953 -
756 1911 996 1969 Similem
1035 1915 1090 1967 in
1129 1915 1347 1968 modum
1387 1914 1715 1987 conjungitur

82 1994 363 2055 μανθάνειν
400 1989 443 2051 I,
485 1994 533 2043 8.
594 1994 950 2042 πυνθάνεσθαι
983 1989 1084 2050 ΙΙΙ,
1128 1995 1199 2043 16
1244 2009 1363 2043 cum
1402 1990 1499 2043 hac
1532 1991 1715 2043 eadem

88 2065 469 2138 praepositione.

233 2166 285 2237 β)
329 2164 596 2236 Imprimis
630 2184 750 2218 vero
789 2166 1076 2219 notandum
1115 2174 1210 2225 est,
1249 2163 1581 2217 Herodotum
1614 2182 1715 2218 sae-

83 2241 294 2310 pissime
334 2244 386 2290 ἐκ
424 2240 491 2291 ad
530 2250 784 2309 agentem,
824 2241 915 2310 qui
955 2249 1178 2299 vocatur,
1219 2239 1554 2292 indicandum
1595 2251 1715 2310 post

86 2313 242 2367 verba
299 2322 389 2366 aut
443 2312 646 2383 passiva
685 2322 776 2365 aut
814 2313 1036 2384 passivae
1075 2313 1301 2365 notionis
1338 2330 1555 2384 ponere,
1596 2332 1716 2367 cum

83 2388 273 2460 quibus
311 2388 364 2440 in
404 2405 557 2458 prosa
595 2386 826 2440 oratione
866 2387 1043 2440 Attica
1080 2388 1180 2439 ὑπό
1215 2387 1456 2458 conjungi
1494 2387 1711 2441 solebat.

84 2462 171 2517 Ad
228 2481 385 2536 quem
410 2480 576 2515 usum
615 2461 730 2515 haec
768 2461 1003 2534 exempla
1043 2463 1181 2516 viam
1221 2462 1524 2516 ostendunt:
1565 2466 1714 2532 ἐδέθη

83 2539 181 2591 ὑπὸ
208 2545 347 2591 Χίων
379 2544 743 2599 καταγνωσθεὶς
774 2538 895 2604 πρὸς
912 2538 1072 2589 αὕτιὸν
1094 2542 1300 2605 νεώτερα
1316 2542 1543 2605 πρήσσειν
1559 2545 1713 2607 πρήγ-

80 2634 211 2677 ματα
259 2611 307 2672 ’ἐς
358 2613 557 2671 ἑωυτοὺς
587 2615 650 2663 ἐκ
688 2619 946 2679 Δαρείου
978 2639 1027 2658 =
1057 2622 1268 2665 auctore
1308 2610 1472 2665 Dario
1513 2612 1617 2674 VI,
1662 2620 1711 2666 2.

80 2693 189 2738 ἰ’σθι
222 2691 281 2750 ἐξ
311 2692 337 2740 ἕ
342 2710 378 2754 μ
388 2693 414 2738 έ
420 2708 447 2740 ο
478 2688 538 2738 τοὶ
569 2690 829 2753 ποιεύμενα
860 2687 954 2739 ὑπὸ
987 2689 1174 2754 Μήδων
1205 2686 1236 2739 ἰ.
1259 2705 1305 2740 e.
1334 2685 1447 2740 ”me
1473 2688 1712 2742 auctore”

81 2757 239 2824 VIII,
282 2768 368 2817 80.

227 2865 322 2932 αα)
367 2872 486 2935 post
524 2866 649 2916 εἶναι
688 2872 741 2917 et
778 2867 1032 2926 γίνεσθαιε
1080 2861 1223 2915 οὐδὲν
1250 2866 1436 2914 τοιοῦτο
1455 2862 1707 2916 ὓπώπτευ-

83 2956 141 2988 ον
192 2940 251 2999 ἐξ
298 2939 490 2991 αὐτῶν
542 2941 784 2991 ἔσεσθαι
835 2935 936 2997 III.
968 2938 1052 2991 77.
1093 2930 1199 2990 Cfr.
1239 2934 1334 2999 IV,
1365 2942 1488 2991 146.
1529 2937 1593 3000 V,
1623 2944 1710 2992 90.

81 3009 184 3071 VI,
227 3016 313 3065 13.
353 3012 486 3081 VII,
528 3018 652 3067 223.
692 3012 852 3074 VIII,
897 3017 1023 3069 140.
1066 3017 1115 3065 2.

184 3174 211 3221 ¹)
239 3174 313 3212 Cfr.
340 3174 463 3212 Bsshr.
491 3182 531 3214 et
558 3149 680 3214 δαείη.
708 3178 765 3226 (in
793 3180 922 3214 annot.
952 3176 1000 3213 ad
1026 3176 1129 3215 hune
1157 3177 1310 3225 locum).
