1881 3663
887 227 956 278 35

108 351 412 419 ώςσυστήσων
436 354 540 404 ’ἐπὶ
571 356 650 421 τῷ
704 356 847 422 μάγῳ
882 355 1116 405 θάνατον
1145 354 1238 414 ΠΙ,
1283 356 1367 408 71.
1423 352 1529 409 Cfr.
1570 354 1611 414 I,
1655 357 1741 407 60.

109 425 237 487 VII,
280 431 401 481 132.
441 427 550 489 IX,
594 431 795 482 10.17.
835 460 910 468 -
948 428 1175 493 ποιήάασι
1206 433 1263 481 δέ
1291 447 1379 498 σφι
1409 437 1561 482 ταῦτα
1591 434 1744 489 ἰθέως

107 502 156 553 οἳ
171 503 429 570 Ἀθηναῖοι
449 508 698 564 ἐπεκέατο,
734 508 979 564 δοκέοντες
1011 509 1111 556 ἐπὶ
1143 512 1319 571 σφίσι
1349 510 1597 571 ἔχοντας
1628 507 1739 564 τοὺς

105 579 371 646 Αἰγινήτας
396 572 655 633 δεδωκέναι
688 578 816 652 (scil.
844 585 936 648 γῆν
966 602 1016 632 τε
1046 587 1129 632 καὶ
1160 582 1310 651 ὕδωρ)
1331 580 1420 643 VI,
1450 587 1537 644 49,
1577 600 1737 654 quam

105 653 417 708 locutionem
456 654 828 709 Valckenarius
867 674 962 728 per
1000 658 1191 709 tmesin
1231 657 1591 730 explicandam
1618 675 1733 710 esse

102 730 305 800 putavit
344 730 486 801 (vide
519 729 703 787 Baehr.
744 732 810 784 ad
850 731 988 784 hunc
1020 732 1239 800 locum).

251 830 311 899 d)
366 829 621 903 Tempus,
673 849 776 903 quo
826 831 952 903 quid
1002 832 1087 892 fit,
1137 832 1456 904 significatur
1494 831 1550 885 in
1588 831 1734 884 locu-

101 905 240 958 tione
279 908 354 956 ἐπ’
386 908 554 978 ἑκάστῃ
584 907 749 978 ἡμέρῃ,
792 924 912 979 quae
951 907 1137 979 legitur
1174 908 1249 966 Π,
1293 911 1416 959 168.
1471 905 1564 967 IV,
1609 910 1733 959 112.

99 978 165 1041 V.
209 984 292 1041 53,
331 979 457 1041 VH,
502 982 689 1052 187¹).

256 1092 325 1166 Ο)
375 1094 508 1149 Cum
547 1095 869 1149 Accu-sativa
947 1097 1004 1164 a)
1048 1094 1289 1148 Primum
1325 1094 1608 1148 afferantur
1632 1094 1729 1148 ali-

103 1178 230 1239 quot
268 1170 392 1231 loci,
431 1170 523 1223 ubi
560 1174 656 1230 ἐπί,
697 1171 839 1223 nulla
878 1170 1080 1224 hostilis
1119 1170 1347 1241 impetus
1368 1169 1576 1222 notione
1603 1169 1728 1222 sub-

90 1243 243 1314 jecta,
283 1253 403 1315 post
456 1245 614 1310 verba
670 1253 873 1297 motum
911 1244 1191 1297 indicantia
1245 1263 1365 1296 cum
1415 1243 1727 1296 Accusativo

96 1335 331 1388 personae
380 1318 727 1390 conjungitur;
784 1318 839 1371 in
882 1338 985 1390 quo
1034 1337 1131 1371 usu
1169 1328 1345 1371 tamen
1382 1321 1466 1369 ε’πί
1503 1318 1570 1371 ab
1609 1317 1726 1371 aliis

97 1410 304 1466 quoque
342 1392 682 1466 scriptoribus
720 1392 1020 1454 adhibetur,
1068 1401 1183 1446 tum
1230 1393 1522 1466 praesertim
1561 1411 1726 1465 quum

96 1468 162 1520 de
218 1469 411 1539 populo
451 1468 533 1521 vel
571 1466 875 1540 magistratu
913 1469 1094 1539 quovis
1145 1469 1338 1540 agitur,
1397 1487 1570 1521 coram
1621 1487 1725 1540 quo

98 1542 271 1613 prodit
308 1543 510 1615 aliquis.
591 1541 702 1596 Sic:
742 1544 836 1608 βὰς
867 1546 967 1596 ἐπὶ
999 1543 1123 1602 τούς
1162 1546 1424 1612 ἐφόρους
1454 1543 1556 1602 III,
1600 1547 1724 1597 148.

94 1649 170 1657 —
207 1620 434 1671 ἐπελθών
465 1623 564 1670 ἐπὶ
594 1619 693 1670 τὸν
725 1622 916 1685 δῆμον
949 1617 1011 1677 V,
1042 1621 1128 1671 97.
1172 1617 1279 1671 Cfr.
1310 1617 1427 1678 VH,
1459 1622 1582 1671 148.
1621 1617 1724 1677 IX,

99 1693 145 1751 7,
185 1692 255 1745 iu.
300 1698 384 1746 11.
428 1698 515 1746 90.
556 1724 629 1733 —·
669 1694 960 1759 α’πικόμενος
991 1697 1092 1746 ἐπὶ
1122 1694 1258 1753 τούς
1290 1696 1589 1761 ἄρχοντας
1619 1691 1722 1752 VI,

98 1771 218 1820 106.
261 1766 368 1822 Cfr.
390 1767 517 1828 VH,
548 1769 671 1821 172.
712 1768 812 1828 ΙΧ.
844 1775 890 1822 5.
918 1801 994 1809 -
1033 1770 1145 1829 στας
1178 1773 1277 1821 ἐπὶ
1308 1770 1369 1821 τὰ
1402 1771 1725 1835 συνέδριον

95 1841 243 1902 VIII,
289 1845 372 1896 79.
450 1848 763 1903 καταστάντες
809 1848 907 1896 ἐπὶ
957 1846 1091 1904 τούς
1139 1848 1444 1912 ἄρχοντας
1489 1844 1591 1903 ΠΙ,
1633 1848 1721 1895 46.

93 1918 212 1983 ἦγον
244 1920 302 1985 δή
331 1938 417 1984 μιν
447 1921 680 1986 πυλουροὶ
727 1922 827 1970 ἐπὶ
871 1921 939 1970 τοὶ
991 1922 1171 1973 κοινοὶ
1218 1924 1314 1972 τῶν
1362 1920 1720 1983 Βαβυλωνίων·

94 1995 333 2053 καταστὰς
379 1997 433 2045 δὲ
479 1998 561 2046 ἐπ’
611 1995 761 2045 αὐτοὶ
809 2016 850 2046 κ.
882 2017 922 2046 τ.
955 1998 998 2046 λ.
1039 1996 1109 2049 ib.
1154 2001 1276 2048 156.
1326 2026 1400 2034 —
1448 1995 1626 2060 ἔφερον
1668 1996 1720 2045 τὸ

92 2071 289 2133 βιβλίον
322 2074 421 2121 ἐπὶ
450 2071 586 2128 τοὺς
617 2074 978 2138 στρατηγούς
1009 2069 1163 2131 VIH,
1206 2074 1328 2123 128.
1370 2073 1589 2133 ἔπεμπον
1623 2073 1722 2120 ἐπὶ

89 2143 224 2202 τούς
256 2145 610 2212 στρατηγοὺς
628 2147 808 2213 κήρυκα
825 2144 926 2205 ΙΧ,
948 2150 1034 2198 21.
1075 2147 1225 2197 ἔθεον
1256 2149 1356 2196 ἐπὶ
1386 2145 1519 2204 τοὺς
1551 2162 1719 2213 στρα-

90 2223 302 2286 τηγούς
331 2219 440 2279 ΙΧ,
464 2226 549 2273 44.
590 2226 764 2286 πέμπει
797 2223 1004 2284 ἄγγελον
1035 2224 1136 2271 ἐπὶ
1167 2221 1543 2288 Ἀρτάβανον
1577 2223 1719 2270 καλέ-

90 2315 208 2348 οντα
239 2294 364 2356 VH,
407 2299 492 2348 15.

242 2393 288 2465 b)
327 2395 440 2447 Iam
478 2412 597 2447 vero
639 2403 718 2447 est
756 2394 1157 2453 observandum,
1197 2398 1279 2445 ἕπε
1316 2394 1371 2446 in
1409 2413 1465 2446 re
1505 2394 1720 2447 militari

92 2471 157 2523 de
196 2468 461 2521 ordinibus
500 2478 638 2521 certa
676 2469 874 2522 ratione
913 2468 1179 2538 dispositis
1217 2467 1469 2539 usurpari.
1539 2466 1716 2521 Gene-

90 2543 207 2604 tivi,
265 2562 421 2616 quem
470 2543 524 2596 in
571 2543 669 2596 hoc
722 2561 821 2597 usu
868 2542 1033 2596 Attici
1087 2543 1454 2614 praeferebant,
1513 2543 1719 2597 nullum

91 2619 388 2690 exemplum
427 2619 652 2678 enotavi;
693 2618 989 2673 Accusativi
1026 2636 1147 2671 vero
1186 2619 1326 2672 haec.
1366 2620 1394 2671 ὅ
1427 2622 1481 2670 δὲ
1513 2619 1717 2683 ἀνάγων

91 2697 308 2746 ἑκαστοτε
346 2697 444 2745 ἐπὶ
490 2699 660 2761 κέρας
697 2693 782 2753 τοὶς
822 2699 961 2753 νέας,
1010 2694 1133 2752 ὅκως
1163 2704 1285 2745 τοῖσι
1316 2697 1493 2767 ἐρέτῃσι
1526 2716 1568 2747 x.
1601 2717 1641 2746 τ.
1674 2699 1719 2747 λ.

90 2768 192 2830 VI,
235 2774 319 2820 12.
380 2767 485 2820 Cfr.
525 2768 594 2820 ib.
637 2773 721 2820 14.
779 2767 1170 2839 (Thucydidem
1210 2778 1264 2820 et
1301 2750 1718 2854 Xenophontem

91 2851 387 2898 constanter
424 2846 506 2895 ἐπὶ
536 2848 681 2911 κέρως
726 2841 942 2903 dixisse,
991 2829 1219 2896 affirmat
1264 2841 1464 2916 Krueg.
1504 2843 1559 2897 in
1598 2862 1716 2898 ann.

199 2980 230 3028 ¹)
255 2980 400 3028 Krueg.
428 2985 466 3018 et
494 2981 600 3018 Stein
604 2981 690 3024 .V,
724 2978 795 3018 117
821 2990 970 3028 quoque
997 2979 1055 3018 ἐπ’
1080 2978 1207 3034 ἡμέρῃ
1232 2978 1275 3019 ἐκ
1252 2977 1373 3036 aedom
1391 2980 1554 3019 scribere
1568 2981 1720 3030 Jubent,

90 3044 219 3083 invitis
246 3047 376 3081 tamen
402 3044 528 3088 libris,
555 3044 621 3101 qni
647 3044 873 3086 Genetivum
900 3043 1092 3085 exhibent.
