1881 3663
945 235 1016 281 22

305 360 363 430 a)
425 357 509 410 Ex
557 376 618 410 eo
669 376 794 418 usn,
833 376 937 430 quo
978 361 1101 409 κατά
1137 355 1333 410 indicat
1369 357 1574 428 motum
1610 355 1785 429 aliquo

153 454 329 489 versus
374 434 702 494 tendentem,
750 434 900 487 facile
947 435 1147 488 deflexa
1196 441 1276 486 est
1315 420 1620 504 significatio
1648 451 1781 486 con-

151 511 284 572 silii,
344 509 620 581 designans
665 510 720 563 id
758 510 900 581 quod
938 518 1201 581 spectatur
1239 518 1293 561 et
1330 509 1550 579 petitum
1590 507 1682 579 qui
1720 527 1782 560 u-

154 605 241 640 sus
282 595 362 639 est
400 585 542 656 apud
581 583 914 638 Herodotum
952 583 1420 656 frequentissimus.
1497 582 1608 637 Sic.
1648 583 1779 634 α’πο-

153 664 332 713 πλώειν
376 661 523 712 κατοὶ
567 667 705 726 βίου
744 681 802 711 τε
842 667 940 710 καὶ
975 665 1084 727 γῆς
1115 661 1351 727 ζήτησιν
1390 654 1434 719 I,
1474 663 1561 712 94.
1639 662 1779 709 κατέ-

155 741 276 803 λαβε
297 741 467 797 Ἴωνάς
498 759 546 787 τε
578 745 661 787 καὶ
694 742 864 804 Κᾶρας
896 738 1081 804 ἄνδρας
1113 757 1261 787 κατα
1294 739 1461 803 ληΐην
1494 734 1778 787 ἐκπλώσαν-

156 836 240 873 τας
284 815 639 880 απενειχθῆναι
672 815 720 872 ἐς
752 816 1004 875 Αἴγυπτον
1043 811 1115 873 II,
1158 816 1280 864 152.
1326 842 1395 851 —
1435 808 1543 864 Cfr.
1584 809 1652 863 ib.
1694 814 1781 862 44.

161 893 283 943 135.
351 888 452 951 ΠΙ,
494 893 616 941 139.
677 887 799 948 VII,
844 892 966 940 136.
1011 889 1133 940 170.
1191 885 1343 946 VIII,
1387 890 1509 939 106.
1549 883 1653 944 ΙΧ,
1695 889 1781 938 89.

157 995 232 1003 -
271 962 431 1024 VIII,
486 967 583 1024 83,
640 964 721 1030 ἧκε
763 964 790 1030 ἢ
824 963 910 1014 ἄπ’
940 967 1143 1030 Αἰγίνης
1172 966 1380 1029 τριήρης,
1414 964 1444 1029 ἢ
1475 962 1621 1013 κατὰ
1651 961 1788 1019 τοὺς

157 1043 467 1096 Αἰακίδας
516 1039 880 1104 α’πεόήμησες
938 1038 993 1089 it.
1038 1042 1135 1096 84;
1176 1038 1230 1096 in
1269 1037 1452 1089 eodem
1493 1054 1612 1088 vero
1652 1033 1784 1088 libro

154 1131 264 1183 cap.
309 1117 402 1165 64:
442 1116 525 1163 ἐπὶ
557 1115 611 1163 δὲ
643 1114 836 1164 Αἰακὸν
869 1118 957 1163 νέα
989 1113 1282 1163 ἀπέστελλον
1314 1115 1363 1169 ἐς
1393 1116 1624 1173 Αἴγιναν.

306 1201 358 1269 b)
417 1198 662 1252 Proxime
718 1200 866 1253 abest
913 1199 979 1252 ab
1019 1200 1116 1252 hae
1155 1198 1527 1270 significatione
1558 1197 1785 1251 'causalis

155 1275 257 1336 vis,
305 1294 408 1347 qua
447 1278 569 1326 κατά
606 1275 897 1346 saepissime
936 1274 1003 1327 ab
1041 1273 1312 1327 Herodoto
1352 1283 1655 1346 usurpatur,
1695 1293 1784 1326 ve-

156 1351 253 1403 lut:
310 1352 358 1402 οἷ
390 1356 579 1409 Φωκέες
610 1354 783 1415 μοῦνοι
814 1356 910 1403 τῶν
940 1353 1081 1422 ταύτῃ
1113 1350 1400 1419 ἀνθρώπων
1430 1351 1517 1402 οὐκ
1547 1351 1784 1416 ἐμήδιζον,

157 1425 278 1476 κατ’
327 1429 475 1478 ἄλλο
523 1433 622 1491 μὲν
671 1426 876 1485 οὐδὲν,
922 1427 985 1485 ὠς
1016 1426 1109 1488 ἐγώ
1142 1423 1529 1490 σὺμβαλλόμενος
1559 1426 1783 1495 εὑρίσκω,

158 1501 309 1551 κατὰ
351 1504 411 1552 δὲ
451 1503 514 1553 τὸ
553 1505 736 1565 ἔχθος
767 1503 828 1553 τὸ
866 1504 1202 1553 Θεσσαλῶν.
1242 1499 1395 1561 VIII,
1434 1505 1524 1554 30.
1596 1499 1701 1555 Cfr.
1741 1498 1785 1566 I,

161 1579 285 1628 143.
327 1575 420 1636 IV,
452 1582 536 1629 50.
587 1575 679 1636 VI,
712 1582 758 1628 1.
810 1575 931 1636 VII,
964 1582 1086 1628 142.
1119 1581 1241 1628 165.
1274 1581 1396 1629 189.
1447 1575 1551 1635 ΙΧ,
1583 1581 1668 1628 15.
1700 1580 1785 1628 38.

160 1655 283 1703 109.
323 1680 399 1689 -
446 1650 583 1703 Eam
633 1651 1064 1722 significationem
1103 1651 1394 1721 praesertim
1434 1651 1489 1703 in
1528 1651 1787 1704 locutione

157 1725 280 1776 κατὰ
327 1730 465 1777 τοῦτο
516 1744 617 1778 usu
670 1726 839 1779 venire
852 1764 865 1785 ,
905 1725 1002 1778 viri
1042 1725 1182 1778 docti
1221 1735 1359 1779 reete
1398 1735 1710 1779 monuerunt
1728 1726 1786 1796 ¹),

158 1800 299 1853 velut
356 1799 467 1860 III,
528 1804 650 1853 109.
707 1804 831 1854 137.
909 1799 984 1861 V,
1035 1804 1082 1853 3.
1162 1799 1266 1860 VI,
1307 1805 1394 1853 44.
1438 1805 1524 1853 65.
1582 1831 1658 1841 -—
1696 1799 1788 1853 In-

155 1874 339 1945 primis
379 1894 498 1927 vero
538 1874 575 1926 ii
613 1875 712 1927 loei
750 1884 874 1927 sunt
911 1874 1141 1934 notandi,
1180 1875 1272 1928 ubi
1296 1874 1630 1946 participium
1664 1893 1785 1927 oau-

156 1948 318 2003 salem
373 1948 481 2001 vim
520 1948 758 2002 obtinens
799 1969 893 2020 per
932 1949 1262 2021 epanalepsin
1303 1951 1566 2020 quandam
1606 1950 1787 2016 subse-

157 2022 334 2095 quitur
380 2025 503 2075 κατὰ
545 2029 682 2076 τοῦτο
723 2043 817 2096 pro
862 2025 947 2076 διὰ
978 2029 1138 2084 τοῦτο,
1180 2033 1238 2078 ut
1275 2024 1505 2096 postulat
1543 2025 1789 2098 loquendi

159 2100 479 2152 consuetudo
537 2100 834 2153 Atticorum
847 2100 911 2170 2).
999 2098 1108 2152 Sic:
1164 2103 1458 2165 ἐμαχέσαντο
1505 2107 1594 2166 μὲν
1641 2102 1694 2153 εὖ
1730 2103 1791 2153 ,οἳ

156 2179 331 2234 ξεῖνοι,
381 2178 567 2241 πλήθεϊ
613 2177 667 2225 δὲ
714 2177 885 2242 πολλῷ
931 2178 1187 2240 ἐλάσσονες
1233 2178 1389 2234 ἐόντες
1430 2177 1576 2226 κατὰ
1619 2182 1790 2238 τοῦτο

158 2249 446 2314 ἑσσώθησαν
497 2248 576 2308 ΙΙ,
625 2254 749 2301 169.
813 2282 869 2287 —--
934 2250 1019 2301 οὐκ
1051 2252 1211 2315 ἔχουσι
1242 2253 1295 2301 δὲ
1325 2253 1463 2303 τοῦτο
1496 2254 1791 2319 διασημῆναι

160 2323 414 2389 α’τρεκέως,
457 2326 562 2375 οὔτε
602 2327 646 2373 εἶ
674 2329 863 2382 ἕσσονες
894 2323 1326 2391 συγγινωσκόμενοι
1356 2330 1479 2377 εἶναι
1513 2332 1566 2398 τῇ
1597 2347 1790 2392 ναυμα-

160 2403 236 2469 χίῃ
267 2399 420 2449 κατα
453 2404 622 2451 τοῦτο
654 2403 790 2460 εἶξαν
818 2400 929 2451 οὔτε
960 2422 1002 2451 κ.
1035 2421 1074 2451 τ.
1107 2403 1150 2450 λ.
1188 2398 1253 2459 V,
1297 2404 1383 2453 86.

309 2486 361 2558 ο)
418 2486 786 2540 Observandus
843 2497 923 2541 est
981 2506 1104 2542 usus
1162 2471 1303 2558 apud
1362 2486 1593 2548 Atticos,
1653 2490 1793 2560 quod

158 2559 373 2631 quidem
432 2561 620 2622 seiam,
676 2579 846 2622 rarus,
901 2563 1042 2633 apud
1102 2560 1432 2615 Herodotum
1486 2561 1636 2616 valde
1685 2563 1789 2619 fre-

160 2652 348 2705 quenS,
405 2654 509 2707 quo
549 2637 827 2689 denotatur
863 2655 1087 2709 persona
1125 2646 1216 2690 aut
1253 2655 1358 2696 res,
1400 2637 1465 2689 de
1503 2654 1605 2707 qua
1643 2656 1791 2709 quae-

159 2707 291 2762 ritur
347 2719 440 2763 aut
496 2712 563 2764 ad
618 2730 777 2782 quam
817 2712 1044 2784 pertinet
1082 2710 1599 2784 aliquid381gnificat
1636 2713 1793 2785 igitur

159 2788 284 2836 κατά
336 2785 478 2839 idem
536 2786 667 2848 fere,
708 2788 849 2859 quod
907 2794 1018 2856 περι
1056 2786 1314 2842 Genetivo
1353 2795 1445 2841 aut
1486 2786 1794 2842 Accusativo

267 2935 295 2982 ι)
335 2935 490 2973 Kuehn.
534 2936 557 2971 1.
593 2947 623 2973 e.
659 2935 712 2979 ΙΙ,
750 2935 838 2974 607.
883 2957 931 2963 -
974 2934 1137 2989 Fritseh.
1179 2933 1397 2983 Vergleioh.
1439 2935 1699 2992 Bearbeitung
1723 2938 1793 2977 der

161 2998 310 3035 Grieeh.
339 3000 418 3037 und
444 2999 595 3038 Latein.
624 2999 824 3037 Partikeln
852 3010 940 3047 pars
967 3000 1034 3037 alt.
1063 3009 1097 3046 p.
1120 2996 1205 3035 170.

267 3073 295 3121 ²)
322 3075 396 3114 Cfr.
424 3075 572 3127 Kruog.
601 3078 627 3114 1.
656 3088 688 3116 e.
717 3077 750 3121 Ι,
779 3075 840 3113 56.
874 3076 932 3113 12.
961 3077 998 3114 4.
