1881 3663
917 201 949 247 2

116 345 226 379 esse
265 323 688 395 praedicaverunt.
751 320 890 374 Rem
931 320 1086 393 igitur
1124 339 1226 374 non
1266 322 1744 392 reprehendendam

114 399 318 471 aggredi
358 397 488 449 mihi
529 395 755 456 videbar,
797 397 854 456 si,
900 406 956 448 ut
982 415 1188 467 possem
1216 395 1624 467 diligentissime,
1653 418 1743 451 ex-

112 493 300 545 ponere
342 490 566 530 conarer‚
607 489 726 542 quae
765 471 991 523 maxime
1032 472 1084 523 in
1111 471 1564 542 praepositionibus
1591 473 1743 526 adhi-

112 548 293 600 bendis
333 547 468 598 inter
507 546 800 598 Atticorum
842 546 1151 615 scriptorum
1192 546 1415 598 solutam
1456 547 1741 600 orationem

113 632 164 675 et
205 626 516 674 'sermonem
565 619 923 672 Herodoteum
972 620 1314 672 intercederet
1355 619 1739 674 dissimilitudo.

112 697 176 749 In
225 715 328 767 quo
367 715 528 766 quum
570 714 672 746 non
711 695 866 746 modo
907 713 1100 753 eorum,
1140 713 1259 765 quae
1300 713 1330 746 a
1370 696 1739 748 consuetudine

113 772 366 824 sermonis
426 770 588 822 Attici
647 788 855 841 prorsus
906 769 1279 840 discreparent,
1318 769 1570 822 rationem
1609 770 1741 823 mihi

112 846 407 898 habendam
447 864 559 897 esse
599 855 894 903 statuerem,
935 864 1114 896 verum
1148 845 1305 897 etiam
1343 846 1409 896 ad
1447 845 1739 897 institutam

113 920 447 992 scriptionem
502 920 557 972 id
595 919 725 971 mihi
763 919 1056 971 faciendum
1095 928 1349 990 putarem,
1390 928 1449 971 ut
1487 938 1547 973 ea
1584 918 1740 972 affer-

112 1014 248 1054 rem,
300 1014 419 1066 quae
470 994 672 1047 etiamsi
715 994 965 1064 exemplis
1004 994 1145 1063 apud
1185 994 1388 1046 Atticos
1427 1013 1531 1046 non
1588 994 1740 1065 plane

111 1080 365 1128 carerent,
413 1079 589 1120 tamen
627 1069 694 1120 ad
734 1068 938 1120 dialecti
978 1067 1169 1121 Ionicae
1208 1086 1362 1121 usum
1401 1069 1614 1140 propius
1652 1089 1739 1123 ac-

111 1145 291 1198 cedere
350 1143 664 1202 viderentur,
723 1142 836 1195 fieri
891 1162 993 1194 non
1031 1142 1227 1214 potuit,
1267 1143 1393 1214 quin
1433 1143 1486 1195 in
1526 1144 1740 1215 singulis

110 1220 236 1271 locis
276 1219 484 1271 difficile
525 1227 661 1269 esset
700 1218 769 1269 ad
807 1217 1212 1287 dijudicandum,
1233 1217 1494 1270 Atticaene
1521 1219 1737 1289 loquen-

112 1295 165 1347 di
223 1292 582 1346 consuetudini
620 1291 984 1346 convenienter
1022 1312 1087 1345 an
1128 1311 1276 1346 secus
1317 1302 1563 1364 usurpata
1601 1303 1738 1347 esset

112 1385 331 1439 quaeque
370 1368 688 1438 praepositiO,
726 1368 1016 1437 praesertim
1058 1386 1218 1438 quum
1258 1386 1517 1438 perpauca
1549 1378 1739 1429 essent,

112 1460 231 1513 quae
271 1444 334 1495 de
374 1442 641 1512 utriusque
681 1440 888 1493 dialecti
928 1441 1223 1494 discrimine
1263 1443 1526 1495 traderent
1562 1460 1736 1513 gram-

113 1517 302 1569 matici.
348 1548 423 1556 —
469 1515 585 1569 Etsi
628 1516 783 1587 igitur
831 1534 1157 1587 nequaquam
1204 1516 1259 1568 id
1297 1516 1429 1570 mihi
1465 1535 1640 1577 sumo,
1664 1527 1739 1576 *ut

109 1602 313 1662 putem,
363 1601 453 1643 aut
501 1610 681 1643 omnes
720 1609 804 1642 me
850 1591 1151 1643 elocutionis
1191 1590 1506 1643 Herodoteae
1543 1591 1597 1643 in
1640 1592 1737 1644 hoc

108 1684 292 1736 genere
332 1665 672 1736 proprietates
711 1665 945 1717 attulisse
985 1675 1076 1717 aut
1114 1682 1188 1724 ea,
1212 1682 1331 1734 quae
1370 1665 1418 1717 ei
1450 1684 1569 1717 cum
1596 1675 1736 1718 cete-

109 1739 180 1792 ris
220 1739 555 1810 scriptoribus
594 1739 889 1790 communia
927 1748 1062 1797 sunt,
1103 1739 1333 1808 potuisse
1373 1757 1636 1793 secernere
1678 1759 1737 1793 ac

109 1832 396 1872 removere,
438 1831 498 1865 ea
537 1822 711 1865 tamen
752 1831 836 1864 me
875 1812 1042 1864 tenuit
1080 1830 1200 1883 spes
1241 1813 1363 1873 fore,
1404 1822 1463 1866 ut
1501 1814 1734 1885 aliquan-

108 1889 276 1939 tulum
335 1887 575 1945 subsidii,
622 1887 667 1938 si
707 1887 822 1956 quis
861 1906 973 1938 rem
1013 1887 1222 1957 dignam
1262 1897 1516 1947 censeret,
1557 1890 1640 1941 cui
1678 1909 1736 1941 o-

106 1980 285 2032 peram
324 1970 550 2021 navaret‚
589 1980 620 2013 a
659 1979 744 2012 me
784 1960 1219 2031 suppeditaretur.
1281 1959 1346 2014 Id
1385 1961 1430 2014 si
1469 1981 1556 2015 ero
1595 1981 1736 2016 asse-

107 2046 281 2096 cutuS‚
320 2035 510 2088 laboris
549 2035 776 2106 pretium
814 2035 994 2087 tulisse
1033 2035 1259 2087 videbor.

258 2132 414 2190 Quod
463 2153 582 2186 vero
631 2135 698 2186 ad
744 2134 1142 2204 descriptionem
1184 2135 1337 2206 hujus
1376 2134 1539 2189 libelli
1577 2145 1734 2207 atque

104 2208 357 2261 rationem
414 2208 624 2268 attinet,
682 2208 756 2260 ita
813 2208 945 2260 mihi
984 2210 1241 2279 agendum
1282 2227 1395 2262 esse
1434 2210 1633 2281 putavi,
1675 2220 1734 2263 ut

103 2282 333 2351 primum
373 2283 437 2333 de
476 2282 930 2352 praepositionibus
978 2283 1208 2334 adverbii
1247 2283 1359 2335 loco
1400 2285 1583 2353 positis
1623 2285 1734 2336 dis-

104 2374 352 2415 sererem,
401 2365 516 2408 tum
556 2374 616 2408 ea
655 2355 893 2426 exempla
931 2354 1197 2416 afferrem,
1239 2356 1328 2408 ubi
1368 2375 1487 2409 cum
1527 2357 1731 2411 casibus

103 2430 390 2501 conjunctae
444 2429 742 2482 viderentur
786 2430 904 2500 plus
942 2440 1034 2481 aut
1073 2431 1245 2482 minus
1284 2430 1350 2482 ab
1390 2449 1486 2483 usu
1526 2433 1731 2484 Attico-

101 2522 219 2556 rum
275 2505 536 2565 recedere,
587 2505 653 2557 ad
712 2514 1026 2562 extremum,
1085 2522 1205 2575 quae
1251 2513 1514 2558 exstarent
1552 2506 1732 2559 tmesis

101 2578 360 2655 exempla,
400 2580 750 2651 adjungerem.

256 2676 522 2732 Praeterea
560 2681 882 2734 monendum
923 2689 1015 2740 est,
1056 2699 1141 2733 me
1180 2680 1234 2733 in
1273 2680 1372 2733 hac
1410 2689 1730 2733 commenta-

101 2752 241 2806 tione
289 2753 344 2805 in
394 2772 480 2806 eas
526 2755 715 2817 solum,
758 2773 877 2826 quae
917 2756 1143 2827 propriae
1182 2768 1444 2816 vocantur,
1484 2756 1731 2828 praeposi-

100 2827 266 2883 tiones
307 2828 649 2900 inquisivisse.

254 2927 389 2987 Quae
432 2929 487 2982 in
527 2930 624 2983 hac
664 2927 1102 2984 commentatione
1130 2928 1498 2981 conscribenda
1522 2929 1589 2981 ad
1616 2948 1729 2983 ma-

101 3019 228 3054 num
266 3002 397 3056 mihi
435 3004 644 3059 fuerunt
684 3004 943 3060 Herodoti
982 3003 1247 3065 editioneS,
1287 3004 1372 3057 hae
1412 3004 1518 3057 fere
1557 3013 1700 3059 sunt:
