1881 3663
892 184 963 235 38

105 343 287 399 ΙΙΙ.
315 342 408 404 De
429 340 647 415 tmesi,
671 356 814 418 quae
833 340 1123 414 vocatur,
1143 339 1742 418 praeposmonum1).

254 454 467 517 Restat,
529 467 588 510 ut
643 458 1076 530 praepositionum
1135 454 1343 522 tmesiS,
1398 455 1544 527 cujus
1602 457 1744 527 apud

107 531 313 586 Atticos
369 531 555 584 solutae
609 533 857 586 orationis
906 532 1183 603 scriptores
1230 535 1490 602 perpauca
1537 532 1744 584 exstant

103 607 319 676 vestigia
341 606 416 676 ²),
477 608 717 678 exempla
770 607 1071 660 Herodotea
1131 623 1509 659 enumeremus,
1607 603 1743 663 Quae

104 680 343 753 quamvis
382 700 487 734 non
527 682 800 736 videantur
839 683 906 735 ad
945 692 1109 735 certas
1141 679 1396 752 quasdam
1421 679 1563 751 leges
1589 698 1742 752 posse

102 756 356 815 revocari,
398 774 463 808 ex
501 755 565 808 iis
604 766 781 810 tamen
815 765 1053 827 apparet,
1093 754 1424 807 Herodotum
1450 755 1742 826 praesertim

104 831 158 885 in
197 841 433 902 tempore
473 830 684 885 Aoristo
723 842 776 885 et
814 831 1096 903 interjectis
1135 828 1584 902 conjunctionibus
1621 829 1740 902 qui-

104 907 330 960 busdam
368 906 450 959 vel
489 907 700 959 omnino
741 906 1063 965 brevioribus
1089 905 1285 959 voculis
1315 904 1740 978 praepositionem

104 1001 135 1032 a
183 981 339 1032 verbo
388 982 700 1050 sejunxisse,
740 981 807 1032 ab
856 1000 918 1032 eo
967 999 1087 1032 vero
1135 980 1317 1032 tmesis
1364 998 1578 1050 genere,
1636 999 1741 1051 quo

103 1055 243 1126 apud
284 1053 578 1107 Homerum
617 1053 775 1107 simul
812 1053 1114 1125 praepositio
1140 1053 1493 1179 postponitur,
1534 1073 1741 1126 semper

102 1148 157 1181 se
196 1128 508 1180 abstinuisse
533 1130 597 1198 ³).
676 1127 918 1180 Sermoni
957 1137 1135 1179 autem
1174 1127 1340 1198 Epico
1377 1129 1741 1181 convenienter

102 1202 300 1255 accedit
347 1221 741 1273 nonnumquam
788 1201 1079 1273 anaphora,
1130 1220 1289 1328 {Iam
1341 1211 1526 1256 vocant
1563 1221 1738 1275 gram-

102 1277 303 1335 matici,
342 1276 396 1327 in
436 1295 538 1347 qua
577 1286 659 1330 est
684 1276 1091 1336 observandum,
1191 1277 1507 1330 erodotum
1494 1297 1548 1330 111
1574 1277 1737 1330 altero

99 1351 336 1405 membro
377 1351 802 1424 praepositionem
829 1351 995 1411 solam
1021 1360 1255 1423 repetere
1282 1350 1447 1450 solere
1471 1352 1535 1424 ⁴).
1576 1351 1735 1406 Tme-

98 1425 169 1479 sis
210 1445 330 1480 vero
369 1426 471 1479 loci
510 1426 567 1480 hi
605 1428 713 1480 fere
753 1435 898 1481 sunt:

248 1527 307 1596 a)
347 1527 677 1597 Interpositis
716 1526 1181 1598 conjunctionibus.-

251 1620 307 1678 α)
344 1615 447 1664 0311.-
489 1614 576 1664 άπ·
610 1615 679 1665 ὦν
711 1617 945 1681 ἐκήρυξαν
976 1614 1025 1672 Ι,
1070 1617 1193 1665 194.
1243 1613 1329 1664 ἄπ’
1361 1614 1431 1666 ὧν
1462 1617 1622 1684 ἔβαψε
1651 1617 1728 1675 Π,

98 1691 184 1741 47.
243 1690 329 1739 ἄπ’
362 1689 432 1741 ὦν
463 1691 678 1748 ἔδωκαν,
721 1689 790 1741 11).
833 1690 919 1742 87.
964 1692 1051 1741 88.
1108 1689 1194 1739 ἀπ’
1229 1689 1298 1741 ὦν
1328 1691 1496 1743 ἔδοντο
1527 1691 1596 1743 11).
1640 1695 1728 1743 39.

97 1763 183 1813 ἄπ’
220 1765 290 1815 ὦν
324 1767 555 1830 ἐκήρυξαν
593 1765 641 1823 Ι,
686 1768 808 1815 194.
849 1794 924 1802 ——
962 1766 1015 1824 ἐξ
1047 1763 1115 1814 ὧν
1148 1764 1277 1816 εἷλον
1307 1763 1374 1825 Π,
1415 1770 1503 1818 40.
1546 1769 1729 1819 86.-

94 1841 148 1888 ἐν
181 1840 251 1890 ὦν
283 1842 514 1906 ἔπλησαν,
548 1840 615 1899 Π,
660 1840 745 1891 87.
787 1841 840 1889 ἐν
874 1839 943 1889 ὧν
976 1841 1262 1890 ἐπάκτωσαν
1295 1838 1364 1892 11).
1408 1845 1496 1893 96.
1537 1872 1612 1880 -—
1652 1841 1729 1892 ἄν’

96 1913 165 1964 ὦν
197 1918 356 1981 ἐφάνη
395 1916 497 1975 ΠΙ,
540 1919 626 1967 82.
668 1945 736 1953 —
784 1917 847 1965 δι’
881 1914 951 1966 ὧν
983 1917 1279 1982 ἐφθάρησαν
1320 1914 1437 1976 VII,
1469 1920 1553 1968 10.
1587 1921 1633 1968 5.
1654 1948 1730 1955 ——

94 1995 195 2038 κατ’
240 1991 310 2041 ὦν
352 1992 567 2059 ἐκάλυψε
611 1990 687 2047 Π,
732 1991 819 2041 47.
891 1995 993 2039 κατ’
1037 1990 1106 2041 ὦν
1138 1992 1318 2041 ἔπλασε
1348 1990 1417 2042 11).
1462 1991 1547 2043 70.
1626 1998 1729 2043 κατ’

95 2064 165 2115 ὦν
198 2067 441 2115 ἐπλάσατο
474 2064 543 2117 ib.
589 2069 675 2117 85.
753 2068 853 2114 κατ’
885 2064 955 2116 ὦν
987 2066 1164 2131 ἔδησαν
1207 2065 1275 2118 ib.
1321 2070 1444 2118 122.
1523 2073 1626 2116 κατ’
1660 2069 1731 2119 ὦν

94 2142 255 2206 κόψας
296 2139 365 2192 ib.
412 2140 534 2192 172,
575 2170 648 2178 —-
689 2146 801 2203 περὶ
834 2139 904 2191 ὧν
936 2142 1082 2204 ἔβαλε
1115 2138 1227 2201 IV,
1271 2144 1356 2193 60.
1398 2172 1474 2180 -
1506 2142 1627 2209 πρὸς
1659 2143 1730 2195 ὦν

90 2217 279 2281 ἔθηκαν
317 2213 409 2274 IV,
454 2219 577 2266 196.

244 2301 548 2354 Notandum
591 2311 693 2359 est,
734 2301 787 2352 in
829 2301 911 2353 his
939 2300 1182 2354 omnibus
1209 2302 1350 2362 locis,
1389 2321 1492 2355 uno
1518 2304 1591 2363 H,
1622 2305 1729 2357 172

91 2386 323 2449 excepto,
352 2376 623 2429 Aoristum
645 2375 953 2446 gnomicam‚
982 2394 1104 2447 quae
1133 2385 1361 2436 vocatur,
1387 2376 1493 2430 vim
1520 2377 1727 2432 habere.

242 2472 295 2531 β)
329 2486 403 2515 τε.-
436 2464 538 2516 άνά
568 2485 616 2515 τε
646 2466 859 2531 ἔδραμον
907 2464 959 2525 Ι,
1002 2469 1088 2517 66.
1149 2461 1257 2517 Cfr.
1296 2464 1396 2525 ΠῙ,
1438 2467 1523 2519 78.
1601 2464 1728 2528 VII,

94 2547 179 2593 15.
224 2545 346 2592 156.
391 2544 514 2592 218.

201 2677 227 2723 “)
255 2677 411 2711 Librum
439 2675 506 2710 Ed.
535 2675 756 2710 Wentzelii:
799 2675 857 2711 De
884 2675 1197 2722 praepositionum
1226 2676 1362 2717 tmesi,
1402 2686 1486 2722 quae
1520 2677 1621 2723 apud
1647 2678 1724 2714 He-

91 2739 263 2777 rodotum
292 2738 548 2775 inveniuntur.
603 2738 815 2774 Vratislav.
849 2736 959 2775 1829.
996 2738 1164 2775 nancisei
1191 2749 1267 2775 non
1298 2738 1416 2786 potui.

195 2803 225 2849 2)
254 2802 327 2838 Cfr.
365 2801 510 2850 Krueg.
546 2802 571 2837 l.
602 2813 630 2837 c.
660 2802 701 2843 Ι,
729 2802 802 2843 42,
831 2804 853 2837 5
882 2806 921 2837 et
947 2813 1038 2838 aun.
1089 2802 1227 2838 Matth.
1257 2801 1318 2844 ΙΙ,
1354 2800 1452 2843 594.
1480 2802 1514 2837 2.
1568 2804 1725 2843 Kuehn.

89 2867 148 2910 11,
176 2865 272 2908 619,
300 2865 336 2904 2.

196 2929 228 2977 ³)
255 2929 327 2965 Cfr.
356 2929 500 2977 Krueg.
531 2928 554 2963 l.
584 2940 614 2965 c.
643 2929 705 2972 ΙΙ,
734 2928 806 2970 68,
834 2928 896 2965 49.
925 2939 1014 2964 aun.

195 2994 226 3049 ⁴)
254 2994 328 3039 011.
357 2993 502 3041 Krueg.
530 2993 553 3029 1.
583 3004 615 3030 c.
643 2992 704 3036 11,
733 2992 796 3037 68,
825 2991 888 3045 47,
916 2992 952 3028 3.
