1881 3663
921 189 992 236 20

134 326 308 368 tamen
346 311 719 383 significatione
758 314 807 370 ἐς
838 315 868 362 ὅ
893 310 1015 364 ferri
1041 327 1195 382 posse
1220 308 1428 381 negavit
1453 306 1692 361 Struvius
1709 309 1765 374 ¹),

134 406 290 460 quem
328 386 492 439 secuti
532 394 654 439 sunt
694 384 872 447 Dind„
913 384 1099 445 Stein.;
1132 382 1343 445 Lhard„
1376 381 1577 455 Krueg.
1606 392 1660 436 et
1685 381 1763 434 A-

133 463 291 514 bicht.
332 461 478 514 uncis
538 470 744 514 tantum
800 480 887 514 eas
927 461 1133 513 voculas
1170 459 1504 512 incluserunt.
1584 456 1762 510 Baehr.

133 556 252 592 vero
292 535 603 609 scripturam
642 535 879 591 codicum
919 535 1168 591 defendit.

280 626 341 697 f)
391 624 535 678 Mira
574 643 698 678 sane
737 633 817 678 est
856 623 1008 677 lectio
1049 622 1286 683 codicum
1324 621 1378 675 in
1417 620 1470 682 I,
1513 624 1644 674 185:
1683 626 1767 671 καὶ

134 707 227 754 νῦν
260 708 312 753 οἳ
341 707 404 753 ἄν
436 703 723 766 κομίζωνται
756 702 856 752 οἷπό
888 704 1026 768 τῆσδε
1057 705 1137 766 τῆς
1168 701 1424 766 θαλάσσης
1454 701 1503 758 ἐς
1527 700 1766 763 Βαβυλῶ-

135 799 227 837 να,
281 780 646 837 καταπλῶοντες
700 780 756 835 ἐς
796 777 898 829 τὸν
940 776 1261 843 Εὐφράτην
1291 782 1390 843 τρὶς
1421 778 1470 834 ἐς
1499 773 1584 841 τὴν
1617 772 1765 840 αὐτὴν

134 856 309 920 ταύτην
340 857 501 922 κώμην
532 859 889 921 παραγίνονται
897 873 913 912 ;
962 851 1053 905 ubi
1092 849 1423 905 Herodotum
1444 849 1633 904 ‘dicere
1672 867 1763 901 vo-

134 928 314 983 luisse·
342 928 459 1000 ”qui
493 930 765 1000 Euphrate
790 930 946 982 fluvio
973 927 1300 999 Babylonem
1328 923 1765 998 proficiscuntur'',

132 1013 364 1074 apparet
425 1001 561 1061 Quae
601 1004 857 1083 sententia
894 1021 1056 1074 quum
1096 1021 1124 1055 e
1163 1001 1333 1055 verbis
1372 1000 1622 1055 librorum
1661 1018 1763 1053 non

131 1077 279 1130 facile
356 1078 471 1130 elici
535 1077 722 1148 possit,
760 1081 836 1136 ἐς
901 1078 1122 1147 ejectum
1190 1076 1463 1128 voluerunt
1500 1076 1763 1147 plerique,

133 1150 438 1225 Schweigh„
479 1151 694 1225 Krueg‚
738 1150 916 1212 Stein.,
940 1151 1058 1212 Ab,
1080 1149 1309 1224 Lhardy.
1370 1147 1621 1205 Contorta
1641 1168 1765 1205 sane

133 1228 263 1280 mihi
322 1229 526 1280 videtur
565 1172 922 1298 intgeipretatio
973 1226 1188 1286 Baehrii‚
1229 1225 1572 1279 existimantis
1611 1247 1762 1277 κατα-

131 1305 370 1362 πλώοντες
429 1302 514 1356 hic
573 1303 863 1374 praegnanti
902 1321 1059 1356 sensu
1096 1301 1262 1374 accipi
1299 1321 1475 1374 posse:
1525 1300 1762 1374 ”quando

132 1379 199 1431 ad
276 1378 606 1469 Euphratem
681 1378 984 1432 devenerint
1050 1395 1214 1452 eoque
1279 1375 1608 1451 Babylonem
1675 1396 1764 1431 ve-

133 1452 374 1507 hunturss'

280 1541 343 1611 9)
405 1539 453 1592 E
503 1539 873 1600 locutionibus,
929 1558 1151 1611 quarum
1208 1558 1450 1611 magnam
1490 1539 1610 1592 libri
1648 1539 1764 1618 He-

131 1614 332 1667 rodotei
387 1614 590 1686 copiam
638 1615 997 1686 suppeditant
1038 1614 1124 1667 hae
1160 1614 1493 1686 potissimum
1532 1607 1764 1670 comme-

131 1690 416 1761 moratione
475 1689 648 1762 dignae
706 1690 969 1743 videntur:
1020 1694 1067 1751 ἐς
1098 1701 1258 1759 χεῖρας
1292 1692 1506 1754 ἄγεσθαι
1545 1689 1597 1754 Ι,
1640 1696 1763 1746 126.

132 1762 225 1825 IV,
270 1767 354 1818 79.
433 1763 581 1832 VII„
624 1769 655 1818 8
697 1765 767 1818 in.
809 1766 991 1820 eodem
1043 1767 1150 1819 fere
1191 1785 1358 1826 sensu,
1400 1785 1504 1838 quo
1543 1768 1670 1821 alias
1709 1771 1763 1819 ἓν

130 1847 292 1906 χερσὶν
343 1850 434 1894 aut
481 1862 601 1905 μετα
632 1851 803 1968 χεῖραέ
824 1843 975 1906 ἔχωνς
1007 1845 1055 1900 ἐς
1086 1842 1253 1906 θυμὸν
1283 1844 1559 1907 βάλλεσθαι
1590 1841 1632 1905 Ι,
1675 1847 1763 1896 84.

127 1913 251 1976 VH,
296 1920 380 1968 51.
460 1913 612 1976 VIII,
656 1919 803 1969 68.3
808 1956 822 1969 .

279 2003 339 2072 k)
379 2000 640 2054 Notemus
680 2002 904 2073 denique
944 2002 1224 2056 formulam
1248 2003 1393 2056 illam
1419 2003 1761 2090 temporalem

126 2080 175 2135 ἔς
208 2076 452 2148 013,quae
491 2095 883 2148 nonnumquam
923 2097 1017 2149 pro
1059 2082 1107 2137 ἐς
1140 2082 1169 2130 ὅ
1207 2078 1262 2132 in
1300 2078 1446 2132 libris
1485 2078 1760 2132 invenitur.

129 2151 216 2205 Sic
257 2152 305 2204 le
341 2152 447 2205 itur
486 2152 598 2205 sine
637 2152 743 2204 ulla
778 2153 1016 2206 codicum
1057 2153 1425 2225 discrepantia:
1465 2153 1509 2214 Ι,
1541 2155 1626 2213 67.
1660 2152 1762 2214 ΙΙΙ,

127 2171 504 2286 31.1{⁷‚30.
564 2230 688 2279 196.
769 2226 1017 2281 Pluribus
1073 2248 1194 2282 vero
1266 2228 1393 2284 locis
1450 2229 1762 2301 scripturam

125 2302 277 2355 codd.
317 2301 454 2354 inter
493 2305 541 2359 ἒς
573 2301 632 2353 οὗ
664 2312 717 2354 et
750 2305 797 2360 ἐς
830 2304 858 2352 ὅ
890 2303 1113 2363 variare,
1154 2313 1377 2357 testatur
1416 2301 1655 2357 Struvius
1667 2304 1732 2375 2).

123 2549 199 2600 De
221 2549 676 2614 proepositionibus
694 2562 807 2612 quae
824 2547 1063 2602 Genitivo
1081 2550 1136 2601 et
1151 2549 1467 2604 Accusativo
1482 2551 1763 2604 adduntur.

276 2657 406 2703 Διά.
484 2653 547 2705 In
587 2654 688 2707 hoc
730 2672 834 2706 uno
876 2651 1180 2707 Herodotus
1219 2653 1286 2706 ab
1325 2653 1516 2707 Atticis
1556 2651 1765 2709 differre

123 2728 344 2788 videtur,
387 2729 528 2799 quod
568 2733 653 2780 διά
691 2749 811 2782 cum
852 2726 1098 2782 Genitivo
1126 2729 1392 2801 conjungit
1417 2730 1484 2782 ad
1499 2739 1763 2801 praes'tan-

121 2803 252 2858 tiam
293 2802 702 2876 significandam,
744 2823 902 2876 quem
943 2823 1098 2858 usum
1139 2803 1187 2857 ei
1227 2822 1346 2857 cum
1382 2823 1618 2866 sermone
1644 2804 1762 2861 Ho-

233 2969 259 3015 ¹)
287 2966 434 3013 Quaent.
462 2967 603 3008 Herod.
633 2979 729 3016 spec.
758 2969 792 3013 1,
819 2982 856 3019 p.
884 2969 948 3011 43.

227 3029 258 3080 ¹)
286 3031 309 3066 1.
338 3043 373 3069 c.
402 3042 500 3080 spec.
528 3033 640 3080 prim.
668 3043 703 3080 p.
732 3032 795 3069 42.
