1881 3663
883 313 949 363 19

241 429 289 503 c)
348 426 479 484 Post.
535 430 693 504 verba
729 433 979 505 ponendi,
1018 434 1243 500 sidendi,
1283 437 1397 492 sim.
1440 444 1720 510 usurpatur

96 505 253 559 etiam
307 507 448 579 apud
494 506 827 561 Herodotum
867 511 1023 562 modo
1062 516 1110 571 ἐς
1147 515 1302 566 modo
1334 517 1388 566 ἐν
1426 514 1570 566 nullo
1610 514 1718 566 fere

97 579 486 654 significationis
525 582 839 637 discrimine.
896 584 1035 639 Satis
1073 598 1152 641 est
1189 589 1303 642 haec
1333 589 1517 642 afferre
1538 608 1717 642 exem-

101 657 211 729 pla:
267 658 475 722 ἱζόμενοι
518 661 579 709 ἒν
610 663 686 726 τῷ
721 665 1005 729 Τηϋγέτῳ.
1045 659 1138 724 IV,
1169 667 1298 724 145;
1338 664 1406 717 ib.
1447 683 1567 718 vero
1610 665 1717 716 146

100 741 153 784 et
213 736 319 784 148
359 736 408 790 ἐς
437 734 490 783 τὸ
526 734 775 799 Τηΰγετον.
813 766 889 774 -
928 735 1033 788 Cfr.
1075 735 1138 797 V,
1178 743 1271 790 25:
1311 742 1499 805 θρόνον
1531 742 1587 796 ἐς
1617 739 1719 788 τὸν

99 807 240 865 ἵζων
288 807 495 867 ἕδίάαζε,
555 808 796 864 continuo
851 830 996 865 vero:
1043 815 1106 863 ἓν
1144 817 1223 881 τῷ
1254 814 1517 871 κατίζων
1547 816 1718 880 θρόνῳ

98 883 301 952 δικάζεις
339 902 507 954 neque
546 902 665 936 vero
705 884 742 936 ii
767 885 866 939 loci
893 888 1325 956 praetermittendi
1350 887 1605 948 videntur,
1631 886 1721 937 ubi

101 968 221 1029 post
269 956 670 1020 ἅνακέεσθαι,
714 960 1128 1014 ὕπεκκέεσθαι
1169 966 1218 1022 ἐς
1257 963 1486 1035 positum
1527 961 1721 1033 reperi-

101 1052 233 1087 mus.
312 1032 447 1088 Haeo
500 1036 738 1108 exempla
776 1037 975 1091 notavi:
1022 1038 1167 1101 γνοὺς
1198 1039 1225 1090 ὃ
1255 1042 1454 1106 Δηϊόκης
1485 1041 1543 1097 ἐς
1575 1040 1723 1088 ἑωυ-

100 1112 201 1162 τὸν
240 1115 345 1162 πᾶν
385 1111 803 1176 ἀνακείμενον.
844 1111 894 1174 I,
935 1114 1021 1166 97.
1082 1112 1188 1167 Cfr.
1228 1113 1337 1175 ΙΙΙ,
1380 1118 1464 1166 31.
1504 1144 1579 1153 —
1618 1119 1721 1164 Σα-

103 1189 246 1251 λαμὶς
292 1192 598 1251 περιγίνεται,
632 1191 690 1247 ἐς
721 1189 823 1255 τὴν
857 1189 968 1256 ἡμῖν
999 1189 1355 1240 ὖπεκκέεται
1386 1194 1528 1241 τέκνα
1560 1210 1608 1239 τε
1640 1195 1723 1239 καὶ

100 1271 323 1323 γυναῖκες
353 1259 510 1321 VIII,
539 1265 624 1322 60,
647 1267 696 1315 2.

240 1335 318 1408 d)
360 1334 444 1388 De
483 1336 708 1408 elliptico
747 1336 834 1390 illo
873 1357 1059 1409 genere
1097 1338 1357 1410 loquendi,
1384 1357 1489 1409 quo
1527 1340 1575 1397 ἐς
1614 1335 1723 1389 Ge-

100 1410 260 1472 nitivo
310 1410 532 1464 nominis
580 1421 670 1464 aut
717 1412 1036 1482 pronominis
1081 1413 1390 1485 adjungitur,
1431 1412 1623 1465 omisso
1663 1430 1724 1464 eo

102 1485 374 1545 vocabule,
425 1486 492 1538 ad
530 1486 671 1557 quod
710 1504 828 1538 vere
867 1487 1114 1557 pertinet,
1142 1488 1219 1539 -ad
1257 1496 1494 1540 nostrum
1533 1504 1725 1557 propo-

102 1560 259 1613 situm
318 1558 444 1614 satis
500 1571 579 1614 est
635 1580 845 1614 monere
884 1562 949 1615 de
990 1562 1241 1634 exemplis
1283 1563 1415 1634 (jam
1455 1580 1484 1613 a
1525 1559 1725 1632 Krueg.

104 1636 221 1688 1.·ο.
261 1634 343 1696 Π,
404 1640 489 1696 68,
537 1641 622 1697 21,
665 1641 698 1687 2
754 1636 1019 1708 prolatis),
1077 1636 1167 1691 ubi
1205 1640 1254 1697 ἐς
1293 1636 1536 1691 Genitivo
1576 1635 1727 1688 refle-

103 1710 204 1763 xivi
266 1711 584 1783 pronominis
642 1711 970 1782 conjunctum
1029 1713 1310 1766 invenitur:
1361 1716 1408 1771 ἐς
1440 1715 1647 1762 σεωυτοῦ
1676 1708 1726 1769 Ι,

106 1789 236 1845 108;
276 1789 324 1844 ἐς
356 1788 556 1837 ἑωυτοῦε
598 1783 692 1846 IV,
723 1792 768 1837 5.
813 1787 897 1839 76.
978 1785 1080 1847 VI,
1125 1791 1210 1840 69.
1290 1785 1394 1847 IX,
1439 1790 1556 1850 108.
1636 1783 1727 1836 In-

102 1859 314 1913 solitum
371 1871 547 1913 autem
585 1858 639 1912 in
677 1861 892 1912 modum
939 1892 1006 1900 —
1044 1861 1238 1932 quippe
1278 1865 1443 1931 quum
1481 1859 1729 1913 articulus

101 1953 132 1987 a
184 1935 371 2006 plurali
415 1934 595 1988 abesse
635 1934 798 1988 soleat
836 1966 910 1974 —
949 1934 1137 1989 dicitur
1176 1935 1218 1997 Ι,
1265 1937 1357 1989 78:
1397 1938 1578 2000 ἔπεμπε
1610 1941 1730 1985 θεο-

102 2014 316 2075 πρόπους
357 2014 403 2068 ἒς
448 2014 544 2076 τῶν
575 2013 832 2076 ἐξηγητέων
866 2004 1170 2077 Τελμησέων,
1205 2011 1296 2063 ubi
1327 2020 1504 2062 tamen
1544 2010 1705 2061 Dind.
1718 2048 1730 2067 ,

102 2083 317 2156 Krueg.‚
345 2083 556 2144 Lhard„
582 2083 790 2137 Abicht.
818 2088 866 2144 ἐς
896 2087 1003 2145 τούς
1035 2086 1259 2153 ἐξηγητὰς
1294 2088 1574 2153 Τελμησέων
1601 2083 1729 2138 scri-

102 2160 255 2220 bunt3
313 2158 543 2213 Steinius
591 2159 804 2230 quidem
850 2160 1058 2233 conjicit
1095 2165 1143 2221 ἐς
1179 2164 1459 2228 Τελμησέων
1489 2166 1586 2212 τῶν
1623 2164 1731 2226 ἐξη-

101 2240 293 2302 γητέων.
351 2266 425 2274 —
483 2233 676 2287 Differt
729 2253 849 2286 vero
906 2236 972 2288 ab
1026 2236 1114 2288 illo
1171 2237 1284 2289 loco
1344 2235 1580 2288 nonnihil
1639 2232 1733 2293 IV,

8 2357 11 2359 .
107 2316 238 2365 125:
293 2311 342 2362 οἳ
388 2313 580 2361 Σκύθαι
628 2310 749 2358 κατὰ
780 2311 840 2359 τὰ
870 2314 1222 2374 βεβουλευμένα
1252 2311 1525 2375 ὑπέφευγον
1557 2313 1606 2367 ἒς
1636 2313 1732 2360 τῶν

107 2385 454 2450 ἀπειπαμένων
501 2385 586 2451 τὴν
634 2388 861 2451 σφετέρην
909 2390 1178 2452 συμμαχίην
1226 2389 1417 2454 πρώτην
1465 2386 1519 2435 δὲ
1557 2387 1605 2442 ἐς
1637 2388 1733 2435 τῶν

107 2464 494 2525 Μελαγχλαίνων
541 2460 625 2526 τὴν
655 2464 769 2526 γῆν,
804 2459 895 2512 ubi
932 2461 1107 2512 animo
1147 2460 1412 2532 scriptoris
1452 2460 1520 2511 ad
1559 2463 1607 2518 ἒς
1638 2464 1734 2510 τῶν

103 2538 449 2603 ἀπειπαμένων
481 2545 577 2589 cet.
611 2534 721 2605 jam
753 2539 837 2601 την
867 2539 955 2600 γῆν
988 2534 1317 2588 obversatum
1358 2552 1471 2588 esse
1498 2544 1729 2605 apparet.

255 2614 305 2684 e)
347 2610 532 2683 Neque
572 2627 690 2662 vero
730 2628 854 2662 usus
893 2609 1062 2662 finalis
1103 2610 1355 2681 exemplis
1396 2617 1546 2661 caret.
1622 2607 1731 2661 Sic:

105 2691 370 2757 Κλεομένης
417 2688 633 2748 συνέλεγε
682 2688 734 2735 ἐκ
781 2688 936 2751 πάσης
984 2688 1356 2752 Πελοποννήσου
1404 2686 1632 2752 στρατὸν,
1677 2684 1736 2735 οὗ

104 2766 301 2833 φράζων
333 2768 391 2823 ἐς
421 2763 483 2813 τὸ
517 2763 725 2823 συλλέγει
765 2759 829 2821 V,
867 2763 950 2813 74.
993 2759 1109 2832 (ubi
1146 2760 1351 2813 Atticos
1391 2763 1467 2825 ἐφ’
1502 2762 1530 2811 ὅ
1570 2759 1733 2831 scrip-

105 2849 249 2902 turos
309 2838 468 2892 fuisse
501 2836 737 2909 judicant
784 2835 902 2895 Ab„
942 2834 1179 2906 Krueg.).
1259 2835 1309 2887 A
1350 2854 1454 2906 quo
1495 2835 1734 2904 exemplo

105 2914 261 2985 paulo
301 2914 502 2968 diversa
541 2920 621 2966 est.
659 2909 788 2965 ratio
826 2909 927 2963 loci
964 2909 1103 2963 illius
1141 2910 1398 2982 scriptura
1436 2909 1617 2962 incerti
1656 2906 1734 2969 H,

109 2994 240 3042 116:
297 2991 405 3040 ἀλλ’
454 2988 512 3039 οὔ
558 2989 653 3053 γὰρ
702 2988 877 3051 ὁμοίως
922 2989 971 3043 ἐς
1000 2986 1086 3051 τὴν
1115 2989 1373 3052 ἐποποιίην
1406 2985 1644 3050 ἐυπρεπὴς
1677 2984 1737 3049 ἦν

109 3065 272 3134 (οὗτος
318 3066 345 3116 ὅ
393 3062 558 3133 λόγος)
606 3066 674 3130 τῷ
720 3063 859 3128 ἑτέρῳ
906 3064 973 3127 τῷ
1014 3079 1103 3128 περ
1135 3064 1388 3129 ἐχρήσατο,
1422 3061 1447 3108 ἒ
1455 3078 1479 3117 ς
1510 3062 1539 3109 ὅ
1569 3063 1738 3125 μετῆκε

104 3140 252 3193 αὐτὸν
285 3141 503 3209 δηλώσας
535 3158 577 3189 κ.
610 3158 648 3188 τ.
681 3139 741 3196 λ.,
776 3135 866 3190 ubi
897 3135 975 3190 vis
1002 3136 1222 3191 causalis
1248 3133 1509 3210 praevalen
1549 3132 1606 3187 in
1634 3152 1738 3206 qua
