1881 3663
929 208 959 254 6

125 347 209 387 tur
267 350 380 385 eam
421 331 696 382 damnasse
738 329 954 399 Krueg.,
997 327 1246 387 Dietsch„
1289 326 1475 389 Stein.‚
1519 330 1752 390 Abicht.;

125 427 290 479 neque
348 424 466 457 vero
529 404 592 468 iis
652 405 817 476 magis
857 403 1052 478 placuit
1091 404 1153 463 ὥς
1184 404 1243 469 δὴ
1276 404 1377 461 ὦν,
1411 413 1471 456 ut
1509 405 1756 458 exhibent

125 482 317 537 Aldina
375 489 428 533 et
482 499 617 533 unus
664 478 796 535 liber
836 480 1073 553 scriptus,
1155 477 1299 538 Quid
1337 496 1457 531 vero
1497 479 1565 532 sit
1602 481 1754 549 resti-

123 559 399 630 tuendum,
450 554 539 609 alii
577 556 726 609 aliter
766 556 1065 629 conjiciunt3
1125 555 1321 627 Krueg.
1362 556 1481 621 πρὸς
1513 559 1542 606 ὃ
1574 558 1632 623 δὴ
1665 558 1750 616 ὧν,

126 634 287 688 Stein.
337 636 524 701 πρόςθε
556 635 609 683 δὲ
642 633 711 684 ὦν
751 631 963 684 Abicht.
992 633 1112 699 πρὸς
1142 636 1291 682 ταῦτα
1323 632 1381 698 δὴ
1405 631 1503 702 ’ὦνς
1525 649 1752 701 ‚quarum

125 702 536 781 conjecturarum
573 725 691 777 quae
724 706 791 759 sit
821 701 1049 759 maxime
1089 705 1385 777 probabilis,
1407 705 1494 758 alii
1504 705 1753 776 judicent.

126 817 201 824 --
222 784 462 854 Itemque
502 782 691 854 rejecta
730 791 902 834 vetere
941 781 1157 834 lectione
1178 781 1243 844 ab
1264 780 1475 850 optimis
1496 779 1757 834 codicibus

132 859 424 927 (Mediceo‚
485 856 811 916 Florentino,
869 856 1007 925 aliis)
1074 855 1304 908 exhibita
1351 854 1453 915 III,
1494 859 1589 907 91:
1637 859 1757 922 πρὸς

128 936 222 1001 γὰρ
265 937 479 985 δυώδεκα
509 937 710 999 μυριάσι
743 937 969 999 Περσέων
999 953 1047 981 τε
1077 942 1197 982 τοῖσι
1231 935 1284 982 ἐν
1316 934 1383 998 τῷ
1414 936 1587 999 Λευκῷ
1617 940 1758 997 τείχεϊ

129 1016 198 1077 τῷ
241 1014 294 1061 ἐν
326 1015 503 1076 Μέμφι
535 1014 916 1075 κατοικημένοισι
948 1012 1312 1073 καταμετρέουσι
1344 1005 1387 1057 κ.
1420 1028 1458 1075 τ.
1492 1010 1534 1058 λ.
1575 1028 1756 1075 omnes

128 1083 439 1136 recentiores
479 1083 702 1135 editores
744 1083 955 1153 (praeter
994 1099 1095 1140 eos,
1136 1099 1265 1152 quos
1297 1081 1454 1133 modo
1482 1083 1759 1145 nominavi,

129 1158 333 1219 Baehr.‚
392 1156 578 1229 Dina,
638 1156 854 1221 Lhard.)
897 1156 1098 1208 codices
1138 1155 1336 1226 aliquot
1374 1156 1538 1211 secuti
1577 1176 1755 1214 emen-

131 1234 318 1292 darunt
357 1234 433 1285 in:
475 1239 603 1283 σίτου
634 1234 728 1300 γὰρ
761 1234 977 1282 δυώδεκα
1007 1233 1246 1299 μυριάδας
1278 1251 1319 1280 κ.
1351 1251 1390 1281 τ.
1424 1233 1467 1280 λ.

282 1320 382 1374 His
423 1321 664 1374 omnibus
703 1321 829 1374 locis
870 1322 988 1387 πρός
1026 1319 1252 1373 addendi
1291 1319 1397 1373 vim
1436 1319 1644 1389 habere,
1677 1340 1759 1374 sa-

133 1396 200 1450 tis
240 1397 504 1468 cognitum
544 1406 638 1449 est.
1475 1401 1478 1405 ’

284 1485 330 1555 c)
379 1489 479 1536 ἐπὶ
511 1487 572 1535 δέ
607 1484 660 1536 in
701 1484 781 1536 his
820 1482 946 1535 locis
985 1482 1295 1553 reperimus:
1354 1481 1447 1542 IV,
1492 1487 1576 1534 59.
1639 1482 1760 1545 VII,

136 1563 223 1611 55.
268 1564 352 1613 65.
398 1565 464 1613 69
511 1559 661 1629 (bis).
707 1560 792 1612 75.
835 1562 920 1611 92.
964 1562 1068 1611 219
1133 1557 1244 1627 (ubi
1283 1557 1430 1610 codd.
1470 1561 1577 1609 ἐπεί
1614 1558 1761 1613 exhi-

134 1634 298 1703 bent).
379 1634 536 1693 VIII,
596 1636 680 1686 67.
742 1638 828 1685 93.
894 1637 1015 1685 113.
1093 1632 1205 1684 ΙΧ.
1268 1637 1336 1684 35
1398 1633 1543 1703 (bis).
1584 1664 1660 1673 ·-—
1698 1634 1761 1687 In

133 1708 216 1761 his
254 1708 452 1780 Krueg.
493 1709 651 1762 etiam
691 1707 784 1769 IV,
827 1712 894 1760 81
938 1708 1135 1760 censeri
1172 1707 1296 1766 vult,
1335 1707 1425 1759 ubi
1463 1717 1638 1761 tamen
1677 1728 1762 1762 ce-

136 1783 235 1836 teri
280 1787 361 1835 ἐπί
414 1785 480 1837 ad
527 1786 717 1849 μᾶλλον
755 1782 998 1836 referunt.
1078 1781 1165 1835 Ad
1204 1801 1414 1835 sensum
1452 1782 1552 1836 loci
1590 1793 1760 1838 utram

135 1859 612 1929 interpretationem
652 1858 887 1928 elegeris,
929 1876 1079 1927 paene
1119 1856 1247 1909 nihil
1286 1858 1458 1909 refert.

219 2000 228 2005 ,
286 1943 746 2003 Quemadmodum
810 1948 892 1996 ἐπί
956 1942 1146 1997 Dativo
1202 1943 1541 2015 praepositum
1600 1946 1764 2000 varias

136 2020 533 2091 significationes
570 2021 784 2073 induere
824 2028 1021 2090 potest,
1058 2019 1130 2072 sic
1161 2020 1275 2072 haec
1301 2037 1507 2090 quoque
1544 2020 1765 2075 formula

137 2095 263 2148 alias
302 2095 450 2150 aliter
488 2095 721 2167 ponitur:

285 2183 343 2254 a)
402 2182 485 2235 De
533 2183 634 2236 situ
673 2183 887 2254 alicujus
925 2181 1001 2234 rei
1041 2182 1180 2233 dicta
1217 2181 1358 2234 idem
1399 2182 1536 2235 valet
1572 2201 1631 2236 ac
1671 2203 1760 2237 su-

138 2277 230 2328 per
286 2258 368 2310 vel
420 2258 644 2328 insuper.
728 2262 926 2324 Θρήϊκες
977 2260 1308 2321 ἐστρατεύοντο
1348 2259 1532 2321 ἔχοντες
1571 2267 1681 2326 περὶ
1705 2261 1764 2311 .τό

140 2338 280 2396 σῶμα
338 2338 581 2392 κιθῶνας,
646 2336 744 2385 ἐπὶ
794 2337 853 2384 δὲ
900 2334 1055 2400 ζειρὰς
1104 2336 1496 2400 περιβεβλημένοι
1543 2338 1767 2394 ποικίλας

140 2406 271 2467 VII,
337 2410 419 2460 75.
500 2413 628 2473 εἶχον
688 2410 873 2464 ὀϊστοὺς
904 2413 1226 2473 καλαμίνους,
1262 2413 1354 2459 ἐπὶ
1386 2411 1447 2459 δὲ
1481 2412 1670 2477 σίδηρος
1701 2413 1760 2477 ἦν

139 2481 321 2553 ”super
359 2484 475 2536 telis
515 2486 811 2538 arundineis
851 2486 1045 2537 ferrum
1087 2484 1222 2538 erat''
1261 2484 1294 2536 i.
1337 2503 1379 2536 e.
1421 2485 1523 2536 tela
1556 2486 1767 2539 arundi-

137 2577 233 2685 nkea
250 2568 419 2686 6figant
458 2560 592 2613 ferro
634 2561 850 2632 praefixa
891 2559 970 2631 (ut
1009 2559 1165 2612 vertit
1204 2558 1390 2627 Dind.)
1435 2558 1503 2612 ib.
1534 2564 1619 2612 65.
1677 2559 1767 2614 Cfr

138 2652 156 2685 1
195 2674 206 2685 .
324 2675 336 2685 .

289 2724 343 2787 β)
401 2720 695 2775 Denotatur
749 2724 979 2777 accessio.
1078 2728 1208 2785 εἶχον
1256 2723 1441 2780 ὀϊστοὺς
1473 2726 1768 2787 καλαμίνους

139 2797 373 2864 ἀπτέρους
411 2804 493 2847 καὶ
527 2798 749 2858 οἷκόντια,
786 2803 883 2850 ἐπὶ
916 2803 975 2850 δὲ
1009 2799 1144 2861 αἰγὸς
1176 2801 1387 2863 δέρματα
1420 2806 1528 2863 περὶ
1559 2799 1667 2858 τοὺς
1699 2803 1765 2849 ὤ·-

138 2892 253 2936 μους
286 2877 584 2940 αἷωρεύμενα
621 2874 652 2926 i.
695 2894 737 2927 e.
779 2884 1044 2947 praeterea.
1123 2871 1255 2931 VII,
1298 2877 1384 2925 92·

289 2952 343 3020 γ)
385 2949 469 3003 De
510 2961 731 3021 tempore
770 2960 1041 3022 usurpata*
1074 2949 1258 3001 eodem
1297 2949 1452 3001 modo
1491 2958 1647 3020 atque
1684 2972 1769 3016 με-

141 3023 199 3072 τὰ
247 3025 322 3084 δέ,
377 3026 516 3080 idem
572 3035 653 3080 est
707 3045 767 3079 ac
807 3035 1004 3098 postea.
1082 3023 1200 3098 μετὰ
1233 3026 1286 3074 δὲ
1320 3026 1612 3094 (διέβαινον)
1646 3034 1695 3080 οἳ
1724 3048 1772 3081 τε
