<?xml version="1.0" encoding="UTF-8"?>
<!DOCTYPE html PUBLIC "-//W3C//DTD XHTML 1.0 Transitional//EN"
    "http://www.w3.org/TR/xhtml1/DTD/xhtml1-transitional.dtd">
<html xmlns="http://www.w3.org/1999/xhtml" xml:lang="en" lang="en">
 <head>
  <title>
</title>
<meta http-equiv="Content-Type" content="text/html;charset=utf-8" />
  <meta name='ocr-system' content='tesseract 3.04.00' />
  <meta name='ocr-capabilities' content='ocr_page ocr_carea ocr_par ocr_line ocrx_word'/>
</head>
<body>
  <div class='ocr_page' id='page_1' title='image "4627543_0017.png"; bbox 0 0 1881 3663; ppageno 0'>
   <div class='ocr_carea' id='block_1_1' title="bbox 922 297 953 346">
    <p class='ocr_par' dir='ltr' id='par_1_1' title="bbox 922 297 953 346">
     <span class='ocr_line' id='line_1_1' title="bbox 922 297 953 346; baseline 0 0"><span class='ocrx_word' id='word_1_1' title='bbox 922 297 953 346; x_wconf 88' lang='grc'>’7</span> 
     </span>
    </p>
   </div>
   <div class='ocr_carea' id='block_1_2' title="bbox 114 420 1745 623">
    <p class='ocr_par' dir='ltr' id='par_1_2' title="bbox 114 420 1745 623">
     <span class='ocr_line' id='line_1_2' title="bbox 118 420 1745 488; baseline -0.002 -16"><span class='ocrx_word' id='word_1_2' title='bbox 118 430 262 472; x_wconf 77' lang='grc' dir='ltr'><strong><em>ἵπποι</em></strong></span> <span class='ocrx_word' id='word_1_3' title='bbox 310 422 358 472; x_wconf 77' lang='grc' dir='ltr'>οἳ</span> <span class='ocrx_word' id='word_1_4' title='bbox 405 422 501 487; x_wconf 67' lang='grc' dir='ltr'><strong><em>ἱροὶ</em></strong></span> <span class='ocrx_word' id='word_1_5' title='bbox 533 428 615 471; x_wconf 82' lang='grc' dir='ltr'>καὶ</span> <span class='ocrx_word' id='word_1_6' title='bbox 645 422 698 472; x_wconf 78' lang='grc' dir='ltr'>τὸ</span> <span class='ocrx_word' id='word_1_7' title='bbox 733 424 868 488; x_wconf 70' lang='grc' dir='ltr'><strong><em>α”ρμα</em></strong></span> <span class='ocrx_word' id='word_1_8' title='bbox 898 420 952 470; x_wconf 85' lang='grc' dir='ltr'>τὸ</span> <span class='ocrx_word' id='word_1_9' title='bbox 985 420 1112 485; x_wconf 73' lang='grc' dir='ltr'><strong><em>ἱρὸν,</em></strong></span> <span class='ocrx_word' id='word_1_10' title='bbox 1148 423 1247 471; x_wconf 74' lang='grc' dir='ltr'>ἐπὶ</span> <span class='ocrx_word' id='word_1_11' title='bbox 1279 423 1338 471; x_wconf 79' lang='grc' dir='ltr'>δὲ</span> <span class='ocrx_word' id='word_1_12' title='bbox 1369 420 1511 480; x_wconf 68' lang='grc' dir='ltr'><strong><em>αὐτός</em></strong></span> <span class='ocrx_word' id='word_1_13' title='bbox 1540 441 1589 471; x_wconf 80' lang='grc' dir='ltr'>τε</span> <span class='ocrx_word' id='word_1_14' title='bbox 1620 423 1745 486; x_wconf 82' lang='grc' dir='ltr'><strong><em>Ξέρ-</em></strong></span> 
     </span>
     <span class='ocr_line' id='line_1_3' title="bbox 114 493 1744 623; baseline 0.001 -77"><span class='ocrx_word' id='word_1_15' title='bbox 114 504 202 623; x_wconf 58' lang='grc' dir='ltr'>ῗΞΞ</span> <span class='ocrx_word' id='word_1_16' title='bbox 244 503 336 623; x_wconf 55' lang='lat' dir='ltr'>aeg}</span> <span class='ocrx_word' id='word_1_17' title='bbox 382 498 428 548; x_wconf 75' lang='grc' dir='ltr'>οἱ</span> <span class='ocrx_word' id='word_1_18' title='bbox 477 498 679 549; x_wconf 74' lang='grc' dir='ltr'><strong><em>ἱππόται</em></strong></span> <span class='ocrx_word' id='word_1_19' title='bbox 727 497 775 547; x_wconf 73' lang='grc' dir='ltr'>οἱ</span> <span class='ocrx_word' id='word_1_20' title='bbox 822 497 970 559; x_wconf 74' lang='grc' dir='ltr'><strong><em>χίλιοι</em></strong></span> <span class='ocrx_word' id='word_1_21' title='bbox 1024 493 1155 555; x_wconf 88' lang='lat' dir='ltr'>VII,</span> <span class='ocrx_word' id='word_1_22' title='bbox 1196 500 1283 551; x_wconf 83' lang='grc'>55.</span> <span class='ocrx_word' id='word_1_23' title='bbox 1362 495 1467 551; x_wconf 85' lang='lat' dir='ltr'><strong>Cfr.</strong></span> <span class='ocrx_word' id='word_1_24' title='bbox 1508 496 1577 550; x_wconf 84' lang='lat' dir='ltr'>ib.</span> <span class='ocrx_word' id='word_1_25' title='bbox 1620 499 1744 550; x_wconf 85' lang='lat'><strong>219.</strong></span> 
     </span>
    </p>
   </div>
   <div class='ocr_carea' id='block_1_3' title="bbox 114 669 1746 814">
    <p class='ocr_par' dir='ltr' id='par_1_3' title="bbox 114 669 1746 814">
     <span class='ocr_line' id='line_1_4' title="bbox 265 669 1745 743; baseline 0 -19"><span class='ocrx_word' id='word_1_26' title='bbox 265 674 320 743; x_wconf 84' lang='grc' dir='ltr'>δ)</span> <span class='ocrx_word' id='word_1_27' title='bbox 362 672 519 725; x_wconf 91' lang='lat' dir='ltr'>Notio</span> <span class='ocrx_word' id='word_1_28' title='bbox 559 671 761 727; x_wconf 82' lang='lat' dir='ltr'><em>ordinis</em></span> <span class='ocrx_word' id='word_1_29' title='bbox 801 670 1049 741; x_wconf 80' lang='lat' dir='ltr'>praevalet</span> <span class='ocrx_word' id='word_1_30' title='bbox 1088 670 1142 722; x_wconf 90' lang='lat' dir='ltr'>in</span> <span class='ocrx_word' id='word_1_31' title='bbox 1169 669 1249 723; x_wconf 90' lang='lat' dir='ltr'>his</span> <span class='ocrx_word' id='word_1_32' title='bbox 1277 672 1550 743; x_wconf 85' lang='lat' dir='ltr'>exemplis:</span> <span class='ocrx_word' id='word_1_33' title='bbox 1596 673 1745 732; x_wconf 74' lang='grc' dir='ltr'><strong><em>θεους</em></strong></span> 
     </span>
     <span class='ocr_line' id='line_1_5' title="bbox 114 746 1746 814; baseline 0.001 -16"><span class='ocrx_word' id='word_1_34' title='bbox 114 754 202 813; x_wconf 75' lang='grc' dir='ltr'>μὲν</span> <span class='ocrx_word' id='word_1_35' title='bbox 248 750 454 814; x_wconf 83' lang='grc' dir='ltr'><strong><em>μούνους</em></strong></span> <span class='ocrx_word' id='word_1_36' title='bbox 501 749 668 799; x_wconf 84' lang='grc' dir='ltr'><strong><em>τούσδε</em></strong></span> <span class='ocrx_word' id='word_1_37' title='bbox 717 746 1010 804; x_wconf 79' lang='grc' dir='ltr'><strong><em>ιλάσκονται,</em></strong></span> <span class='ocrx_word' id='word_1_38' title='bbox 1038 747 1211 813; x_wconf 81' lang='grc' dir='ltr'><strong><em>Ἱστίην</em></strong></span> <span class='ocrx_word' id='word_1_39' title='bbox 1260 753 1349 810; x_wconf 80' lang='grc' dir='ltr'>μὲν</span> <span class='ocrx_word' id='word_1_40' title='bbox 1380 750 1613 810; x_wconf 78' lang='grc' dir='ltr'>μάλίστα,</span> <span class='ocrx_word' id='word_1_41' title='bbox 1648 752 1746 799; x_wconf 74' lang='grc' dir='ltr'>ἐπι</span> 
     </span>
    </p>
   </div>
   <div class='ocr_carea' id='block_1_4' title="bbox 117 813 1687 888">
    <p class='ocr_par' dir='ltr' id='par_1_4' title="bbox 117 813 1687 888">
     <span class='ocr_line' id='line_1_6' title="bbox 117 813 1687 888; baseline 0 -14"><span class='ocrx_word' id='word_1_42' title='bbox 117 826 180 874; x_wconf 75' lang='grc' dir='ltr'>δὲ</span> <span class='ocrx_word' id='word_1_43' title='bbox 211 830 304 874; x_wconf 76' lang='grc' dir='ltr'>Δία</span> <span class='ocrx_word' id='word_1_44' title='bbox 335 843 383 872; x_wconf 86' lang='grc' dir='ltr'>τε</span> <span class='ocrx_word' id='word_1_45' title='bbox 414 829 497 871; x_wconf 80' lang='grc' dir='ltr'>καὶ</span> <span class='ocrx_word' id='word_1_46' title='bbox 528 827 619 888; x_wconf 78' lang='grc' dir='ltr'>γῆν</span> <span class='ocrx_word' id='word_1_47' title='bbox 655 820 749 880; x_wconf 86' lang='lat' dir='ltr'>IV,</span> <span class='ocrx_word' id='word_1_48' title='bbox 794 813 876 873; x_wconf 97' lang='lat'><strong>59.</strong></span> <span class='ocrx_word' id='word_1_49' title='bbox 958 819 1063 873; x_wconf 87' lang='lat' dir='ltr'><strong>Cfr.</strong></span> <span class='ocrx_word' id='word_1_50' title='bbox 1104 820 1265 880; x_wconf 88' lang='lat' dir='ltr'>VIII,</span> <span class='ocrx_word' id='word_1_51' title='bbox 1309 822 1393 873; x_wconf 88' lang='grc'>67.</span> <span class='ocrx_word' id='word_1_52' title='bbox 1437 825 1520 873; x_wconf 89' lang='grc'>93.</span> <span class='ocrx_word' id='word_1_53' title='bbox 1565 826 1687 874; x_wconf 89' lang='lat'>113.</span> 
     </span>
    </p>
   </div>
   <div class='ocr_carea' id='block_1_5' title="bbox 117 918 1743 1199">
    <p class='ocr_par' dir='ltr' id='par_1_5' title="bbox 117 918 1743 1199">
     <span class='ocr_line' id='line_1_7' title="bbox 182 918 1743 991; baseline 0.002 -21"><span class='ocrx_word' id='word_1_54' title='bbox 182 935 191 943; x_wconf 88' lang='lat'><strong>·</strong></span> <span class='ocrx_word' id='word_1_55' title='bbox 265 921 307 991; x_wconf 83' lang='grc' dir='ltr'>ε)</span> <span class='ocrx_word' id='word_1_56' title='bbox 356 920 513 973; x_wconf 69' lang='lat' dir='ltr'>Enis</span> <span class='ocrx_word' id='word_1_57' title='bbox 551 920 855 990; x_wconf 84' lang='lat' dir='ltr'>significatio</span> <span class='ocrx_word' id='word_1_58' title='bbox 895 920 1107 972; x_wconf 84' lang='lat' dir='ltr'><strong>subesse</strong></span> <span class='ocrx_word' id='word_1_59' title='bbox 1148 920 1350 972; x_wconf 86' lang='lat' dir='ltr'>videtur</span> <span class='ocrx_word' id='word_1_60' title='bbox 1388 920 1442 972; x_wconf 92' lang='lat' dir='ltr'>in</span> <span class='ocrx_word' id='word_1_61' title='bbox 1481 918 1614 981; x_wconf 90' lang='lat' dir='ltr'>VII,</span> <span class='ocrx_word' id='word_1_62' title='bbox 1656 925 1743 974; x_wconf 87' lang='grc'><strong>69.</strong></span> 
     </span>
     <span class='ocr_line' id='line_1_8' title="bbox 118 994 1743 1063; baseline 0.001 -18"><span class='ocrx_word' id='word_1_63' title='bbox 118 998 235 1056; x_wconf 82' lang='grc' dir='ltr'><strong><em>τόξα</em></strong></span> <span class='ocrx_word' id='word_1_64' title='bbox 276 999 405 1059; x_wconf 72' lang='grc' dir='ltr'><strong><em>εἴχον</em></strong></span> <span class='ocrx_word' id='word_1_65' title='bbox 445 996 631 1062; x_wconf 78' lang='grc' dir='ltr'>μακροὶ,</span> <span class='ocrx_word' id='word_1_66' title='bbox 686 998 781 1047; x_wconf 74' lang='grc' dir='ltr'>ἐπὶ</span> <span class='ocrx_word' id='word_1_67' title='bbox 829 997 893 1046; x_wconf 80' lang='grc' dir='ltr'>δὲ</span> <span class='ocrx_word' id='word_1_68' title='bbox 939 998 1235 1060; x_wconf 77' lang='grc' dir='ltr'><strong><em>καλαμίνους</em></strong></span> <span class='ocrx_word' id='word_1_69' title='bbox 1282 994 1467 1053; x_wconf 77' lang='grc' dir='ltr'><strong><em>ὀϊστοὺς</em></strong></span> <span class='ocrx_word' id='word_1_70' title='bbox 1499 997 1743 1063; x_wconf 66' lang='grc' dir='ltr'><strong><em>σμικρούςς</em></strong></span> 
     </span>
     <span class='ocr_line' id='line_1_9' title="bbox 117 1069 1740 1142; baseline 0.001 -20"><span class='ocrx_word' id='word_1_71' title='bbox 117 1069 209 1123; x_wconf 93' lang='lat' dir='ltr'>ubi</span> <span class='ocrx_word' id='word_1_72' title='bbox 264 1071 569 1124; x_wconf 88' lang='lat' dir='ltr'>vertendum</span> <span class='ocrx_word' id='word_1_73' title='bbox 608 1089 721 1123; x_wconf 91' lang='lat' dir='ltr'>esse</span> <span class='ocrx_word' id='word_1_74' title='bbox 761 1070 964 1125; x_wconf 89' lang='lat' dir='ltr'>videtur</span> <span class='ocrx_word' id='word_1_75' title='bbox 1002 1069 1250 1124; x_wconf 84' lang='lat' dir='ltr'>”arcubus</span> <span class='ocrx_word' id='word_1_76' title='bbox 1289 1071 1605 1142; x_wconf 88' lang='lat' dir='ltr'>imponenda</span> <span class='ocrx_word' id='word_1_77' title='bbox 1645 1070 1740 1123; x_wconf 88' lang='lat' dir='ltr'>ha-</span> 
     </span>
     <span class='ocr_line' id='line_1_10' title="bbox 117 1145 814 1199; baseline 0.001 -2"><span class='ocrx_word' id='word_1_78' title='bbox 117 1146 311 1198; x_wconf 89' lang='lat' dir='ltr'>bebant</span> <span class='ocrx_word' id='word_1_79' title='bbox 348 1147 452 1198; x_wconf 89' lang='lat' dir='ltr'>tela</span> <span class='ocrx_word' id='word_1_80' title='bbox 489 1145 814 1199; x_wconf 88' lang='lat' dir='ltr'>arundinea.”</span> 
     </span>
    </p>
   </div>
   <div class='ocr_carea' id='block_1_6' title="bbox 114 1244 1744 1455">
    <p class='ocr_par' dir='ltr' id='par_1_6' title="bbox 114 1244 1744 1455">
     <span class='ocr_line' id='line_1_11' title="bbox 266 1244 1744 1316; baseline -0.001 -19"><span class='ocrx_word' id='word_1_81' title='bbox 266 1244 327 1315; x_wconf 82' lang='lat' dir='ltr'>d)</span> <span class='ocrx_word' id='word_1_82' title='bbox 382 1244 492 1296; x_wconf 78' lang='grc' dir='ltr'>ὑπὸ</span> <span class='ocrx_word' id='word_1_83' title='bbox 540 1248 605 1296; x_wconf 80' lang='grc' dir='ltr'>δέ</span> <span class='ocrx_word' id='word_1_84' title='bbox 654 1245 816 1298; x_wconf 88' lang='lat' dir='ltr'>semel</span> <span class='ocrx_word' id='word_1_85' title='bbox 853 1245 1129 1316; x_wconf 87' lang='lat' dir='ltr'>reperitur:</span> <span class='ocrx_word' id='word_1_86' title='bbox 1189 1246 1297 1298; x_wconf 77' lang='grc' dir='ltr'>ἄντῐ</span> <span class='ocrx_word' id='word_1_87' title='bbox 1329 1248 1384 1296; x_wconf 79' lang='grc' dir='ltr'>δὲ</span> <span class='ocrx_word' id='word_1_88' title='bbox 1415 1246 1639 1297; x_wconf 73' lang='grc' dir='ltr'><strong><em>ἀσπίδων</em></strong></span> <span class='ocrx_word' id='word_1_89' title='bbox 1670 1249 1744 1296; x_wconf 73' lang='grc' dir='ltr'>εῖ-</span> 
     </span>
     <span class='ocr_line' id='line_1_12' title="bbox 114 1319 1742 1388; baseline 0.001 -17"><span class='ocrx_word' id='word_1_90' title='bbox 114 1340 201 1383; x_wconf 89' lang='grc' dir='ltr'>χον</span> <span class='ocrx_word' id='word_1_91' title='bbox 247 1325 414 1386; x_wconf 77' lang='grc' dir='ltr'><strong><em>γέρρα,</em></strong></span> <span class='ocrx_word' id='word_1_92' title='bbox 463 1320 573 1370; x_wconf 79' lang='grc' dir='ltr'>ὑπὸ</span> <span class='ocrx_word' id='word_1_93' title='bbox 622 1323 683 1370; x_wconf 78' lang='grc' dir='ltr'>δὲ</span> <span class='ocrx_word' id='word_1_94' title='bbox 715 1325 1036 1386; x_wconf 75' lang='grc' dir='ltr'><strong><em>φαρετρεῶνες</em></strong></span> <span class='ocrx_word' id='word_1_95' title='bbox 1068 1325 1324 1388; x_wconf 78' lang='grc' dir='ltr'><strong><em>ἐκρέμαντο</em></strong></span> <span class='ocrx_word' id='word_1_96' title='bbox 1333 1344 1348 1380; x_wconf 80' lang='grc'>,-</span> <span class='ocrx_word' id='word_1_97' title='bbox 1387 1320 1484 1373; x_wconf 88' lang='lat' dir='ltr'>sub</span> <span class='ocrx_word' id='word_1_98' title='bbox 1524 1319 1621 1372; x_wconf 82' lang='lat' dir='ltr'>his.</span> <span class='ocrx_word' id='word_1_99' title='bbox 1662 1320 1742 1373; x_wconf 86' lang='lat' dir='ltr'>sil.</span> 
     </span>
     <span class='ocr_line' id='line_1_13' title="bbox 118 1392 917 1455; baseline 0.001 -8"><span class='ocrx_word' id='word_1_100' title='bbox 118 1394 342 1448; x_wconf 81' lang='lat' dir='ltr'><strong>cratibus</strong></span> <span class='ocrx_word' id='word_1_101' title='bbox 381 1393 617 1448; x_wconf 85' lang='lat' dir='ltr'>vimineis</span> <span class='ocrx_word' id='word_1_102' title='bbox 657 1392 789 1455; x_wconf 92' lang='lat' dir='ltr'>VII,</span> <span class='ocrx_word' id='word_1_103' title='bbox 833 1399 917 1448; x_wconf 88' lang='lat'>61.</span> 
     </span>
    </p>
   </div>
   <div class='ocr_carea' id='block_1_7' title="bbox 116 1493 1746 2093">
    <p class='ocr_par' dir='ltr' id='par_1_7' title="bbox 116 1493 1746 2093">
     <span class='ocr_line' id='line_1_14' title="bbox 265 1493 1743 1566; baseline -0.002 -17"><span class='ocrx_word' id='word_1_104' title='bbox 265 1495 313 1566; x_wconf 79' lang='lat' dir='ltr'>e)</span> <span class='ocrx_word' id='word_1_105' title='bbox 353 1495 492 1560; x_wconf 73' lang='grc' dir='ltr'><strong><em>μετὰ</em></strong></span> <span class='ocrx_word' id='word_1_106' title='bbox 524 1497 597 1545; x_wconf 82' lang='grc' dir='ltr'>δέ.</span> <span class='ocrx_word' id='word_1_107' title='bbox 663 1493 745 1546; x_wconf 89' lang='lat' dir='ltr'>Ex</span> <span class='ocrx_word' id='word_1_108' title='bbox 784 1494 993 1565; x_wconf 81' lang='lat' dir='ltr'>ingenti,</span> <span class='ocrx_word' id='word_1_109' title='bbox 1035 1513 1193 1566; x_wconf 88' lang='lat' dir='ltr'>quam</span> <span class='ocrx_word' id='word_1_110' title='bbox 1233 1496 1570 1565; x_wconf 88' lang='lat' dir='ltr'>suppeditant</span> <span class='ocrx_word' id='word_1_111' title='bbox 1608 1494 1743 1555; x_wconf 89' lang='lat' dir='ltr'>libri,</span> 
     </span>
     <span class='ocr_line' id='line_1_15' title="bbox 116 1568 1744 1641; baseline -0.001 -17"><span class='ocrx_word' id='word_1_112' title='bbox 116 1571 472 1641; x_wconf 86' lang='lat' dir='ltr'>exemplorum</span> <span class='ocrx_word' id='word_1_113' title='bbox 531 1570 678 1640; x_wconf 88' lang='lat' dir='ltr'>copia</span> <span class='ocrx_word' id='word_1_114' title='bbox 737 1569 850 1622; x_wconf 81' lang='lat' dir='ltr'>haec</span> <span class='ocrx_word' id='word_1_115' title='bbox 908 1589 1209 1623; x_wconf 86' lang='lat' dir='ltr'>enumerare</span> <span class='ocrx_word' id='word_1_116' title='bbox 1264 1570 1389 1622; x_wconf 88' lang='lat' dir='ltr'>satis</span> <span class='ocrx_word' id='word_1_117' title='bbox 1428 1570 1520 1623; x_wconf 91' lang='lat' dir='ltr'>sit:</span> <span class='ocrx_word' id='word_1_118' title='bbox 1561 1568 1613 1630; x_wconf 91' lang='lat' dir='ltr'>I,</span> <span class='ocrx_word' id='word_1_119' title='bbox 1659 1574 1744 1622; x_wconf 94' lang='grc'>11.</span> 
     </span>
     <span class='ocr_line' id='line_1_16' title="bbox 120 1645 1744 1700; baseline -0.002 0"><span class='ocrx_word' id='word_1_120' title='bbox 120 1651 205 1700; x_wconf 90' lang='grc'>19.</span> <span class='ocrx_word' id='word_1_121' title='bbox 254 1650 340 1698; x_wconf 88' lang='grc'><strong>22.</strong></span> <span class='ocrx_word' id='word_1_122' title='bbox 383 1649 468 1698; x_wconf 89' lang='grc'><strong>26.</strong></span> <span class='ocrx_word' id='word_1_123' title='bbox 512 1649 597 1698; x_wconf 92' lang='grc'><strong>30.</strong></span> <span class='ocrx_word' id='word_1_124' title='bbox 641 1648 725 1697; x_wconf 92' lang='grc'><strong>61.</strong></span> <span class='ocrx_word' id='word_1_125' title='bbox 769 1648 854 1697; x_wconf 87' lang='grc'><strong>65.</strong></span> <span class='ocrx_word' id='word_1_126' title='bbox 898 1645 983 1698; x_wconf 89' lang='grc'><strong>72.</strong></span> <span class='ocrx_word' id='word_1_127' title='bbox 1027 1648 1113 1698; x_wconf 88' lang='grc'>86.</span> <span class='ocrx_word' id='word_1_128' title='bbox 1155 1649 1242 1697; x_wconf 88' lang='grc'>94.</span> <span class='ocrx_word' id='word_1_129' title='bbox 1288 1647 1409 1698; x_wconf 91' lang='grc'><strong>107.</strong></span> <span class='ocrx_word' id='word_1_130' title='bbox 1458 1648 1577 1698; x_wconf 88' lang='grc'><strong>108.</strong></span> <span class='ocrx_word' id='word_1_131' title='bbox 1621 1648 1744 1698; x_wconf 89' lang='grc'><strong>118.</strong></span> 
     </span>
     <span class='ocr_line' id='line_1_17' title="bbox 120 1719 1746 1774; baseline 0 -1"><span class='ocrx_word' id='word_1_132' title='bbox 120 1726 241 1774; x_wconf 88' lang='grc'><strong>125.</strong></span> <span class='ocrx_word' id='word_1_133' title='bbox 285 1725 407 1773; x_wconf 87' lang='grc'><strong>128.</strong></span> <span class='ocrx_word' id='word_1_134' title='bbox 451 1719 573 1773; x_wconf 88' lang='grc'><strong>134.</strong></span> <span class='ocrx_word' id='word_1_135' title='bbox 617 1725 739 1772; x_wconf 87' lang='grc'><strong>142.</strong></span> <span class='ocrx_word' id='word_1_136' title='bbox 784 1725 905 1772; x_wconf 88' lang='grc'><strong>145.</strong></span> <span class='ocrx_word' id='word_1_137' title='bbox 951 1725 1073 1773; x_wconf 89' lang='grc'><strong>150.</strong></span> <span class='ocrx_word' id='word_1_138' title='bbox 1119 1725 1240 1773; x_wconf 90' lang='grc'><strong>163.</strong></span> <span class='ocrx_word' id='word_1_139' title='bbox 1285 1725 1410 1773; x_wconf 90' lang='grc'><strong>165.</strong></span> <span class='ocrx_word' id='word_1_140' title='bbox 1454 1722 1577 1773; x_wconf 90' lang='grc'><strong>167.</strong></span> <span class='ocrx_word' id='word_1_141' title='bbox 1621 1722 1746 1774; x_wconf 88' lang='grc'><strong>171.</strong></span> 
     </span>
     <span class='ocr_line' id='line_1_18' title="bbox 116 1793 1743 1860; baseline -0.001 -11"><span class='ocrx_word' id='word_1_142' title='bbox 116 1798 238 1849; x_wconf 82' lang='grc'><strong>178.</strong></span> <span class='ocrx_word' id='word_1_143' title='bbox 300 1796 422 1847; x_wconf 80' lang='grc'><strong>179.</strong></span> <span class='ocrx_word' id='word_1_144' title='bbox 484 1800 606 1847; x_wconf 84' lang='lat'><strong>196.</strong></span> <span class='ocrx_word' id='word_1_145' title='bbox 668 1799 791 1846; x_wconf 87' lang='lat'><strong>214.</strong></span> <span class='ocrx_word' id='word_1_146' title='bbox 864 1793 946 1860; x_wconf 87' lang='grc' dir='ltr'>ΙΙ,</span> <span class='ocrx_word' id='word_1_147' title='bbox 1000 1796 1085 1846; x_wconf 84' lang='grc'>73.</span> <span class='ocrx_word' id='word_1_148' title='bbox 1147 1800 1234 1848; x_wconf 84' lang='lat'><strong>86.</strong></span> <span class='ocrx_word' id='word_1_149' title='bbox 1294 1800 1416 1848; x_wconf 91' lang='lat'><strong>111.</strong></span> <span class='ocrx_word' id='word_1_150' title='bbox 1494 1794 1603 1855; x_wconf 90' lang='grc' dir='ltr'><strong>ΙΙΙ,</strong></span> <span class='ocrx_word' id='word_1_151' title='bbox 1657 1798 1743 1848; x_wconf 85' lang='lat'><strong>75.</strong></span> 
     </span>
     <span class='ocr_line' id='line_1_19' title="bbox 118 1868 1745 1930; baseline 0 -7"><span class='ocrx_word' id='word_1_152' title='bbox 118 1874 241 1924; x_wconf 88' lang='grc'><strong>128.</strong></span> <span class='ocrx_word' id='word_1_153' title='bbox 321 1868 425 1930; x_wconf 93' lang='lat' dir='ltr'>IV,</span> <span class='ocrx_word' id='word_1_154' title='bbox 467 1872 554 1922; x_wconf 87' lang='lat'>47.</span> <span class='ocrx_word' id='word_1_155' title='bbox 607 1872 729 1921; x_wconf 90' lang='grc'><strong>139.</strong></span> <span class='ocrx_word' id='word_1_156' title='bbox 793 1872 916 1922; x_wconf 88' lang='grc'><strong>184.</strong></span> <span class='ocrx_word' id='word_1_157' title='bbox 961 1872 1083 1922; x_wconf 93' lang='grc'><strong>188.</strong></span> <span class='ocrx_word' id='word_1_158' title='bbox 1161 1868 1224 1930; x_wconf 89' lang='lat' dir='ltr'>V,</span> <span class='ocrx_word' id='word_1_159' title='bbox 1267 1875 1353 1922; x_wconf 90' lang='grc'>24.</span> <span class='ocrx_word' id='word_1_160' title='bbox 1397 1875 1484 1923; x_wconf 89' lang='grc'>46.</span> <span class='ocrx_word' id='word_1_161' title='bbox 1529 1874 1614 1922; x_wconf 87' lang='lat'>52.</span> <span class='ocrx_word' id='word_1_162' title='bbox 1659 1874 1745 1923; x_wconf 89' lang='lat'>56.</span> 
     </span>
     <span class='ocr_line' id='line_1_20' title="bbox 117 1942 1743 2005; baseline 0 -8"><span class='ocrx_word' id='word_1_163' title='bbox 117 1949 240 1997; x_wconf 91' lang='grc'><strong>103.</strong></span> <span class='ocrx_word' id='word_1_164' title='bbox 317 1943 428 2003; x_wconf 88' lang='lat' dir='ltr'>VI,</span> <span class='ocrx_word' id='word_1_165' title='bbox 481 1948 566 1996; x_wconf 85' lang='lat'><strong>38.</strong></span> <span class='ocrx_word' id='word_1_166' title='bbox 621 1945 704 1995; x_wconf 89' lang='grc'>70.</span> <span class='ocrx_word' id='word_1_167' title='bbox 755 1945 842 2005; x_wconf 87' lang='grc'>97.</span> <span class='ocrx_word' id='word_1_168' title='bbox 886 1948 1009 1995; x_wconf 93' lang='grc'><strong>120.</strong></span> <span class='ocrx_word' id='word_1_169' title='bbox 1093 1942 1237 2004; x_wconf 77' lang='lat' dir='ltr'>VII,¹</span> <span class='ocrx_word' id='word_1_170' title='bbox 1266 1950 1350 1997; x_wconf 91' lang='grc'>12.</span> <span class='ocrx_word' id='word_1_171' title='bbox 1397 1950 1482 1997; x_wconf 88' lang='grc'>19.</span> <span class='ocrx_word' id='word_1_172' title='bbox 1526 1949 1613 1997; x_wconf 87' lang='grc'>40.</span> <span class='ocrx_word' id='word_1_173' title='bbox 1657 1950 1743 1997; x_wconf 90' lang='grc'>41.</span> 
     </span>
     <span class='ocr_line' id='line_1_21' title="bbox 119 2016 1740 2093; baseline 0.001 -23"><span class='ocrx_word' id='word_1_174' title='bbox 119 2023 202 2071; x_wconf 89' lang='grc'>55.</span> <span class='ocrx_word' id='word_1_175' title='bbox 246 2022 368 2071; x_wconf 92' lang='grc'><strong>100.</strong></span> <span class='ocrx_word' id='word_1_176' title='bbox 413 2023 533 2070; x_wconf 88' lang='grc'><strong>145.</strong></span> <span class='ocrx_word' id='word_1_177' title='bbox 578 2022 700 2069; x_wconf 90' lang='grc'><strong>206.</strong></span> <span class='ocrx_word' id='word_1_178' title='bbox 767 2016 941 2093; x_wconf 53' lang='lat' dir='ltr'>VIII,</span> <span class='ocrx_word' id='word_1_179' title='bbox 970 2023 1056 2069; x_wconf 88' lang='lat'><strong>46.</strong></span> <span class='ocrx_word' id='word_1_180' title='bbox 1100 2020 1185 2070; x_wconf 89' lang='grc'>67.</span> <span class='ocrx_word' id='word_1_181' title='bbox 1246 2018 1348 2078; x_wconf 87' lang='grc' dir='ltr'>ΙΧ,</span> <span class='ocrx_word' id='word_1_182' title='bbox 1392 2024 1478 2070; x_wconf 89' lang='grc'>25.</span> <span class='ocrx_word' id='word_1_183' title='bbox 1522 2023 1608 2070; x_wconf 85' lang='grc'>35.</span> <span class='ocrx_word' id='word_1_184' title='bbox 1653 2024 1740 2071; x_wconf 84' lang='grc'>98.</span> 
     </span>
    </p>
   </div>
   <div class='ocr_carea' id='block_1_8' title="bbox 112 2117 1744 3162">
    <p class='ocr_par' dir='ltr' id='par_1_8' title="bbox 112 2117 1744 3162">
     <span class='ocr_line' id='line_1_22' title="bbox 265 2117 1743 2191; baseline 0.001 -20"><span class='ocrx_word' id='word_1_185' title='bbox 265 2117 438 2177; x_wconf 76' lang='lat' dir='ltr'>Quam</span> <span class='ocrx_word' id='word_1_186' title='bbox 485 2119 784 2190; x_wconf 77' lang='lat' dir='ltr'>praepositio</span> <span class='ocrx_word' id='word_1_187' title='bbox 801 2160 804 2164; x_wconf 86' lang='lat'><strong>.</strong></span> <span class='ocrx_word' id='word_1_188' title='bbox 823 2122 942 2184; x_wconf 75' lang='grc' dir='ltr'><strong><em>μετά</em></strong></span> <span class='ocrx_word' id='word_1_189' title='bbox 979 2119 1138 2172; x_wconf 89' lang='lat' dir='ltr'>habet</span> <span class='ocrx_word' id='word_1_190' title='bbox 1176 2120 1371 2173; x_wconf 88' lang='lat' dir='ltr'>ordinis</span> <span class='ocrx_word' id='word_1_191' title='bbox 1411 2119 1743 2191; x_wconf 84' lang='lat' dir='ltr'>significatio-</span> 
     </span>
     <span class='ocr_line' id='line_1_23' title="bbox 113 2193 1744 2268; baseline -0.001 -19"><span class='ocrx_word' id='word_1_192' title='bbox 113 2214 257 2255; x_wconf 89' lang='lat' dir='ltr'>nem,</span> <span class='ocrx_word' id='word_1_193' title='bbox 298 2213 358 2247; x_wconf 91' lang='lat' dir='ltr'>ea</span> <span class='ocrx_word' id='word_1_194' title='bbox 396 2194 463 2247; x_wconf 86' lang='lat' dir='ltr'>ad</span> <span class='ocrx_word' id='word_1_195' title='bbox 502 2193 634 2246; x_wconf 86' lang='lat' dir='ltr'>hanc</span> <span class='ocrx_word' id='word_1_196' title='bbox 671 2212 877 2265; x_wconf 88' lang='lat' dir='ltr'>quoque</span> <span class='ocrx_word' id='word_1_197' title='bbox 917 2194 1195 2248; x_wconf 87' lang='lat' dir='ltr'>formulam</span> <span class='ocrx_word' id='word_1_198' title='bbox 1235 2194 1583 2249; x_wconf 88' lang='lat' dir='ltr'>adverbialem</span> <span class='ocrx_word' id='word_1_199' title='bbox 1622 2214 1744 2268; x_wconf 91' lang='lat' dir='ltr'>per-</span> 
     </span>
     <span class='ocr_line' id='line_1_24' title="bbox 113 2269 1737 2341; baseline -0.001 -18"><span class='ocrx_word' id='word_1_200' title='bbox 113 2271 267 2329; x_wconf 90' lang='lat' dir='ltr'>tinet,</span> <span class='ocrx_word' id='word_1_201' title='bbox 320 2269 393 2321; x_wconf 87' lang='lat' dir='ltr'>ita</span> <span class='ocrx_word' id='word_1_202' title='bbox 455 2278 644 2327; x_wconf 89' lang='lat' dir='ltr'>tamen,</span> <span class='ocrx_word' id='word_1_203' title='bbox 686 2278 743 2319; x_wconf 90' lang='lat' dir='ltr'>ut</span> <span class='ocrx_word' id='word_1_204' title='bbox 781 2270 848 2320; x_wconf 90' lang='lat' dir='ltr'>ad</span> <span class='ocrx_word' id='word_1_205' title='bbox 886 2269 1140 2321; x_wconf 87' lang='lat' dir='ltr'>rationem</span> <span class='ocrx_word' id='word_1_206' title='bbox 1179 2270 1584 2341; x_wconf 87' lang='lat' dir='ltr'>uniuscujusque</span> <span class='ocrx_word' id='word_1_207' title='bbox 1623 2271 1737 2330; x_wconf 88' lang='lat' dir='ltr'>loci,</span> 
     </span>
     <span class='ocr_line' id='line_1_25' title="bbox 113 2341 1743 2430; baseline 0.001 -33"><span class='ocrx_word' id='word_1_208' title='bbox 113 2343 384 2430; x_wconf 72' lang='lat' dir='ltr'>propriane</span> <span class='ocrx_word' id='word_1_209' title='bbox 442 2362 509 2396; x_wconf 90' lang='lat' dir='ltr'>an</span> <span class='ocrx_word' id='word_1_210' title='bbox 546 2341 791 2396; x_wconf 80' lang='lat' dir='ltr'>translate</span> <span class='ocrx_word' id='word_1_211' title='bbox 829 2364 947 2409; x_wconf 86' lang='grc' dir='ltr'><strong><em>μετα</em></strong></span> <span class='ocrx_word' id='word_1_212' title='bbox 986 2346 1041 2394; x_wconf 81' lang='grc' dir='ltr'>δέ</span> <span class='ocrx_word' id='word_1_213' title='bbox 1075 2343 1273 2396; x_wconf 89' lang='lat' dir='ltr'>dictum</span> <span class='ocrx_word' id='word_1_214' title='bbox 1313 2344 1395 2405; x_wconf 88' lang='lat' dir='ltr'>sit,</span> <span class='ocrx_word' id='word_1_215' title='bbox 1437 2353 1512 2404; x_wconf 89' lang='lat' dir='ltr'>et,</span> <span class='ocrx_word' id='word_1_216' title='bbox 1551 2343 1596 2397; x_wconf 93' lang='lat' dir='ltr'>si</span> <span class='ocrx_word' id='word_1_217' title='bbox 1621 2363 1743 2417; x_wconf 90' lang='lat' dir='ltr'>pro-</span> 
     </span>
     <span class='ocr_line' id='line_1_26' title="bbox 115 2415 1743 2491; baseline -0.001 -19"><span class='ocrx_word' id='word_1_218' title='bbox 115 2420 249 2491; x_wconf 91' lang='lat' dir='ltr'>prie,</span> <span class='ocrx_word' id='word_1_219' title='bbox 304 2428 480 2471; x_wconf 92' lang='lat' dir='ltr'>utrum</span> <span class='ocrx_word' id='word_1_220' title='bbox 538 2418 602 2470; x_wconf 88' lang='lat' dir='ltr'>de</span> <span class='ocrx_word' id='word_1_221' title='bbox 657 2417 767 2469; x_wconf 90' lang='lat' dir='ltr'>loco</span> <span class='ocrx_word' id='word_1_222' title='bbox 826 2437 892 2470; x_wconf 92' lang='lat' dir='ltr'>an</span> <span class='ocrx_word' id='word_1_223' title='bbox 930 2415 1164 2489; x_wconf 88' lang='lat' dir='ltr'>tempore</span> <span class='ocrx_word' id='word_1_224' title='bbox 1205 2428 1404 2491; x_wconf 78' lang='lat' dir='ltr'>agatur,</span> <span class='ocrx_word' id='word_1_225' title='bbox 1445 2419 1513 2471; x_wconf 88' lang='lat' dir='ltr'>sit</span> <span class='ocrx_word' id='word_1_226' title='bbox 1552 2419 1743 2491; x_wconf 87' lang='lat' dir='ltr'>dijudi-</span> 
     </span>
     <span class='ocr_line' id='line_1_27' title="bbox 114 2493 1743 2565; baseline 0 -18"><span class='ocrx_word' id='word_1_227' title='bbox 114 2495 351 2547; x_wconf 88' lang='lat' dir='ltr'>cendum.</span> <span class='ocrx_word' id='word_1_228' title='bbox 431 2493 510 2545; x_wconf 89' lang='lat' dir='ltr'>Ac</span> <span class='ocrx_word' id='word_1_229' title='bbox 566 2493 715 2563; x_wconf 83' lang='lat' dir='ltr'>longe</span> <span class='ocrx_word' id='word_1_230' title='bbox 769 2493 1047 2563; x_wconf 88' lang='lat' dir='ltr'>plurimam</span> <span class='ocrx_word' id='word_1_231' title='bbox 1106 2503 1307 2564; x_wconf 87' lang='lat' dir='ltr'>partem</span> <span class='ocrx_word' id='word_1_232' title='bbox 1367 2513 1572 2554; x_wconf 90' lang='lat' dir='ltr'>eorum,</span> <span class='ocrx_word' id='word_1_233' title='bbox 1622 2511 1743 2565; x_wconf 80' lang='lat' dir='ltr'>quae</span> 
     </span>
     <span class='ocr_line' id='line_1_28' title="bbox 115 2567 1742 2640; baseline -0.001 -18"><span class='ocrx_word' id='word_1_234' title='bbox 115 2587 270 2640; x_wconf 85' lang='lat' dir='ltr'>supra</span> <span class='ocrx_word' id='word_1_235' title='bbox 320 2568 493 2626; x_wconf 91' lang='lat' dir='ltr'>attuli,</span> <span class='ocrx_word' id='word_1_236' title='bbox 536 2567 888 2637; x_wconf 87' lang='lat' dir='ltr'>exemplorum</span> <span class='ocrx_word' id='word_1_237' title='bbox 929 2569 995 2619; x_wconf 89' lang='lat' dir='ltr'>ad</span> <span class='ocrx_word' id='word_1_238' title='bbox 1034 2569 1374 2638; x_wconf 79' lang='lat' dir='ltr'>temporalem</span> <span class='ocrx_word' id='word_1_239' title='bbox 1413 2567 1523 2620; x_wconf 87' lang='lat' dir='ltr'>vim</span> <span class='ocrx_word' id='word_1_240' title='bbox 1561 2587 1618 2620; x_wconf 90' lang='lat' dir='ltr'>se</span> <span class='ocrx_word' id='word_1_241' title='bbox 1656 2587 1742 2620; x_wconf 91' lang='lat' dir='ltr'>ac-</span> 
     </span>
     <span class='ocr_line' id='line_1_29' title="bbox 115 2641 1742 2713; baseline -0.001 -16"><span class='ocrx_word' id='word_1_242' title='bbox 115 2644 410 2703; x_wconf 86' lang='lat' dir='ltr'>comodare,</span> <span class='ocrx_word' id='word_1_243' title='bbox 513 2641 659 2695; x_wconf 87' lang='lat' dir='ltr'>facile</span> <span class='ocrx_word' id='word_1_244' title='bbox 746 2641 913 2712; x_wconf 88' lang='lat' dir='ltr'>quivis</span> <span class='ocrx_word' id='word_1_245' title='bbox 989 2650 1162 2712; x_wconf 90' lang='lat' dir='ltr'>potest</span> <span class='ocrx_word' id='word_1_246' title='bbox 1237 2642 1338 2695; x_wconf 90' lang='lat' dir='ltr'>sibi</span> <span class='ocrx_word' id='word_1_247' title='bbox 1414 2642 1742 2713; x_wconf 90' lang='lat' dir='ltr'>persuadere.</span> 
     </span>
     <span class='ocr_line' id='line_1_30' title="bbox 115 2717 1743 2790; baseline -0.001 -18"><span class='ocrx_word' id='word_1_248' title='bbox 115 2718 230 2772; x_wconf 76' lang='lat' dir='ltr'>Iam</span> <span class='ocrx_word' id='word_1_249' title='bbox 288 2737 408 2772; x_wconf 88' lang='lat' dir='ltr'>vero</span> <span class='ocrx_word' id='word_1_250' title='bbox 465 2717 681 2770; x_wconf 83' lang='lat' dir='ltr'>localem</span> <span class='ocrx_word' id='word_1_251' title='bbox 737 2717 1188 2789; x_wconf 84' lang='lat' dir='ltr'>significationem,</span> <span class='ocrx_word' id='word_1_252' title='bbox 1239 2718 1385 2790; x_wconf 90' lang='lat' dir='ltr'>cujus</span> <span class='ocrx_word' id='word_1_253' title='bbox 1424 2717 1599 2771; x_wconf 90' lang='lat' dir='ltr'>nescio</span> <span class='ocrx_word' id='word_1_254' title='bbox 1640 2736 1743 2789; x_wconf 89' lang='lat' dir='ltr'>quo</span> 
     </span>
     <span class='ocr_line' id='line_1_31' title="bbox 116 2792 1743 2864; baseline -0.001 -18"><span class='ocrx_word' id='word_1_255' title='bbox 116 2803 267 2864; x_wconf 86' lang='lat' dir='ltr'>pacto</span> <span class='ocrx_word' id='word_1_256' title='bbox 329 2793 526 2846; x_wconf 85' lang='lat' dir='ltr'>nullam</span> <span class='ocrx_word' id='word_1_257' title='bbox 582 2793 813 2845; x_wconf 87' lang='lat' dir='ltr'>fecerunt</span> <span class='ocrx_word' id='word_1_258' title='bbox 871 2792 1187 2845; x_wconf 85' lang='lat' dir='ltr'>mentionem</span> <span class='ocrx_word' id='word_1_259' title='bbox 1237 2812 1407 2864; x_wconf 91' lang='lat' dir='ltr'>neque</span> <span class='ocrx_word' id='word_1_260' title='bbox 1449 2792 1743 2846; x_wconf 88' lang='lat' dir='ltr'>Passowius</span> 
     </span>
     <span class='ocr_line' id='line_1_32' title="bbox 114 2865 1741 2941; baseline -0.002 -20"><span class='ocrx_word' id='word_1_261' title='bbox 114 2887 282 2941; x_wconf 89' lang='lat' dir='ltr'>neque</span> <span class='ocrx_word' id='word_1_262' title='bbox 323 2867 836 2940; x_wconf 83' lang='lat' dir='ltr'>Schweighaeuserus</span> <span class='ocrx_word' id='word_1_263' title='bbox 878 2866 956 2937; x_wconf 88' lang='lat' dir='ltr'>(in</span> <span class='ocrx_word' id='word_1_264' title='bbox 994 2865 1168 2920; x_wconf 86' lang='lat' dir='ltr'>Lexic.</span> <span class='ocrx_word' id='word_1_265' title='bbox 1210 2866 1446 2939; x_wconf 90' lang='lat' dir='ltr'>Herod.)‚</span> <span class='ocrx_word' id='word_1_266' title='bbox 1481 2885 1741 2919; x_wconf 90' lang='lat' dir='ltr'>nonnum-</span> 
     </span>
     <span class='ocr_line' id='line_1_33' title="bbox 115 2942 1742 3015; baseline -0.002 -19"><span class='ocrx_word' id='word_1_267' title='bbox 115 2962 273 3015; x_wconf 88' lang='lat' dir='ltr'>quam</span> <span class='ocrx_word' id='word_1_268' title='bbox 313 2944 539 3003; x_wconf 89' lang='lat' dir='ltr'>subesse,</span> <span class='ocrx_word' id='word_1_269' title='bbox 579 2943 836 3015; x_wconf 89' lang='lat' dir='ltr'>permulta</span> <span class='ocrx_word' id='word_1_270' title='bbox 874 2943 1060 2994; x_wconf 81' lang='lat' dir='ltr'>docent</span> <span class='ocrx_word' id='word_1_271' title='bbox 1098 2944 1349 3014; x_wconf 84' lang='lat' dir='ltr'>exempla,</span> <span class='ocrx_word' id='word_1_272' title='bbox 1390 2942 1549 2995; x_wconf 89' lang='lat' dir='ltr'>veluti</span> <span class='ocrx_word' id='word_1_273' title='bbox 1574 2945 1742 3009; x_wconf 77' lang='grc' dir='ltr'><strong><em>Μίλη-</em></strong></span> 
     </span>
     <span class='ocr_line' id='line_1_34' title="bbox 119 3018 1744 3087; baseline 0 -17"><span class='ocrx_word' id='word_1_274' title='bbox 119 3040 197 3078; x_wconf 92' lang='grc' dir='ltr'>τος</span> <span class='ocrx_word' id='word_1_275' title='bbox 242 3025 331 3084; x_wconf 80' lang='grc' dir='ltr'>μὲν</span> <span class='ocrx_word' id='word_1_276' title='bbox 378 3024 539 3087; x_wconf 78' lang='grc' dir='ltr'><strong><em>πρώτη</em></strong></span> <span class='ocrx_word' id='word_1_277' title='bbox 591 3024 743 3070; x_wconf 81' lang='grc' dir='ltr'><strong><em>κέεται</em></strong></span> <span class='ocrx_word' id='word_1_278' title='bbox 790 3021 926 3077; x_wconf 80' lang='grc' dir='ltr'><strong><em>πόλις</em></strong></span> <span class='ocrx_word' id='word_1_279' title='bbox 974 3018 1093 3086; x_wconf 81' lang='grc' dir='ltr'><strong><em>πρὸς</em></strong></span> <span class='ocrx_word' id='word_1_280' title='bbox 1141 3024 1459 3086; x_wconf 69' lang='grc' dir='ltr'><strong><em>μεσαμβρίην,</em></strong></span> <span class='ocrx_word' id='word_1_281' title='bbox 1500 3018 1643 3083; x_wconf 71' lang='grc' dir='ltr'><strong><em>μετὰ</em></strong></span> <span class='ocrx_word' id='word_1_282' title='bbox 1682 3021 1744 3070; x_wconf 75' lang='grc' dir='ltr'>δὲ</span> 
     </span>
     <span class='ocr_line' id='line_1_35' title="bbox 112 3091 1743 3162; baseline 0.002 -18"><span class='ocrx_word' id='word_1_283' title='bbox 112 3099 281 3154; x_wconf 84' lang='grc' dir='ltr'><strong><em>Μυοῦς</em></strong></span> <span class='ocrx_word' id='word_1_284' title='bbox 325 3116 372 3145; x_wconf 87' lang='grc' dir='ltr'>τε</span> <span class='ocrx_word' id='word_1_285' title='bbox 404 3102 487 3145; x_wconf 79' lang='grc' dir='ltr'>καὶ</span> <span class='ocrx_word' id='word_1_286' title='bbox 518 3101 717 3162; x_wconf 82' lang='grc' dir='ltr'><strong>Πρίηνη.</strong></span> <span class='ocrx_word' id='word_1_287' title='bbox 758 3094 809 3156; x_wconf 89' lang='grc' dir='ltr'>Ι,</span> <span class='ocrx_word' id='word_1_288' title='bbox 852 3098 973 3147; x_wconf 90' lang='lat'><strong>142.</strong></span> <span class='ocrx_word' id='word_1_289' title='bbox 1052 3091 1157 3146; x_wconf 84' lang='lat' dir='ltr'><strong>Cfr.</strong></span> <span class='ocrx_word' id='word_1_290' title='bbox 1198 3094 1266 3146; x_wconf 85' lang='lat' dir='ltr'>ib.</span> <span class='ocrx_word' id='word_1_291' title='bbox 1310 3098 1434 3146; x_wconf 85' lang='grc'><strong>145.</strong></span> <span class='ocrx_word' id='word_1_292' title='bbox 1514 3092 1611 3155; x_wconf 89' lang='lat' dir='ltr'>IV,</span> <span class='ocrx_word' id='word_1_293' title='bbox 1653 3096 1743 3147; x_wconf 88' lang='grc'>47.</span> 
     </span>
    </p>
   </div>
  </div>
 </body>
</html>
