1881 3663
876 270 944 322 1'7

235 393 304 469 b)
366 395 650 448 Notionem
690 394 851 447 habet
889 395 990 446 α’νά
1027 396 1237 466 patendi
1277 397 1359 449 vel
1397 396 1730 450 diffundendi·

97 493 191 547 per
221 470 451 543 spatium
489 469 723 539 aliquod:
748 471 962 538 (ἔλεγον)
988 474 1247 530 ἐπὶἌτυος
1265 478 1350 523 τοῦ
1368 477 1556 525 Μάνεω
1577 481 1724 538 βασι-

100 552 205 607 λέος
236 548 471 612 σιτοδείην
502 544 695 611 ἰσχυρὴν
717 544 846 596 ’ἆνά
878 546 962 612 τὴν
992 548 1228 612 Λυδίην
1259 552 1460 600 πᾶσαν
1490 554 1726 611 γενέσθαι

99 623 150 685 Ι,
184 628 271 676 94.
311 652 388 661 --
427 620 545 687 αὕτη
584 626 673 679 μὲν
715 620 979 683 ἀπεδέξατο
1021 624 1219 686 χώματα
1253 623 1368 674 α’νοὶ
1399 624 1463 674 τὸ
1494 627 1726 675 πεδίον.

99 699 168 752 ib.
224 701 347 750 184.
398 727 474 735 -
524 693 630 748 Cfr.
671 694 723 756 Ι,
758 701 844 749 96.
887 699 973 749 97.
1018 701 1139 749 193.
1218 696 1297 757 ΙΙ,
1341 702 1427 750 85.
1470 703 1557 750 91.
1601 703 1724 750 111.

99 771 204 833 ΙΙΙ,
247 776 332 826 39.
411 769 504 831 IV,
548 775 633 823 14.
677 775 762 823 22.
839 770 904 831 V,
947 776 1032 825 38.
1075 776 1197 825 102.
1275 771 1377 832 VI,
1419 776 1506 826 48.
1548 776 1634 833 86,
1678 778 1725 824 1.

103 852 224 901 131.
279 850 402 899 138.
481 844 612 906 VII,
656 850 777 899 150.
857 844 1017 907 VIII,
1061 851 1146 899 10.
1225 846 1338 907 ΙΧ,
1380 853 1467 898 44.
1511 851 1597 899 80.
1641 851 1726 898 99.

247 945 295 1019 c)
352 943 682 998 Transfertur
736 946 803 998 ad
856 955 1065 1017 tempus
1119 945 1443 1017 praepositio:
1495 946 1617 995 κατὰ
1648 950 1732 998 τοῦ

99 1024 261 1073 Λύκου
291 1022 375 1088 τὴν
406 1025 681 1089 ἐπωνυμίην
704 1025 878 1072 Λύκιοι
911 1021 1031 1073 α’νοὶ
1063 1025 1281 1090 χρόνον
1306 1024 1610 1088 ἐκλήθησαν,
1640 1039 1728 1074 eo-

101 1098 221 1150 dem
261 1096 368 1150 fere
408 1115 576 1157 sensu,
617 1115 719 1168 quo
758 1096 934 1150 Attice
974 1096 1163 1150 dicitur
1191 1097 1306 1168 (τῶ)
1337 1101 1510 1165 χρόνῳ.
1536 1095 1577 1158 Ι,
1603 1098 1725 1149 173.

101 1170 209 1225 Cfr.
252 1169 332 1232 II,
376 1176 497 1224 151.
575 1170 640 1232 V,
682 1173 768 1225 27.
838 1170 969 1233 VII,
1013 1176 1097 1232 10,
1142 1170 1188 1225 6.
1234 1176 1357 1226 153.
1402 1174 1524 1225 170.
1565 1203 1640 1211 —-
1680 1172 1727 1223 οἱ

102 1250 155 1298 δὲ
203 1247 321 1301 ἄνα
347 1249 462 1307 ,τοὶς
494 1253 790 1316 προτέρας
820 1249 1043 1316 ἡμέρας
1073 1248 1341 1310 ὑπεξιόντες
1372 1252 1421 1307 ἐς
1451 1250 1512 1298 τοὶ
1543 1252 1726 1299 στεινό-

102 1342 233 1391 πορα
271 1326 528 1388 ἐμάχοντο,
562 1326 663 1375 τότε
695 1327 751 1374 δέ
779 1345 820 1374 κ.
852 1345 891 1374 τ.
925 1327 966 1375 λ.
1007 1322 1139 1383 VII,
1180 1328 1303 1376 223.
1345 1355 1419 1363 -
1458 1327 1648 1376 ἔπλωον
1680 1324 1728 1375 οἱ

91 1401 309 1466 Ἕλληνες
333 1402 382 1457 ἐς
413 1400 498 1450 τὸν
523 1400 722 1463 Ἰσθμὸν
754 1400 973 1466 ἄριοτήϊα
1006 1402 1236 1457 δώσοντες
1266 1405 1334 1466 τῷ
1365 1401 1613 1468 ἀξιωτάτῳ
1644 1422 1727 1462 γε·

102 1479 289 1543 νομένῳ
314 1476 550 1542 Ἑλλήνων
584 1475 704 1526 οἷνά
735 1476 845 1549 τὸν,
866 1477 1126 1538 πόλεμον
1157 1478 1326 1525 τοῦτο
1340 1495 1382 1527 ν.
1422 1473 1576 1535 VIII,
1602 1478 1727 1526 123.

249 1572 593 1628 Distributive
643 1594 760 1628 vero
808 1574 1038 1645 positum
1088 1583 1169 1627 est
1219 1575 1320 1626 a’va'
1366 1573 1420 1626 in
1459 1573 1542 1627 his
1580 1573 1729 1626 locis:

99 1651 167 1714 τῷ
197 1651 251 1698 δὲ
283 1650 388 1707 τοὺς
418 1653 665 1708 πλείστους
698 1650 931 1720 (παῖδας)
967 1650 1305 1701 ἄποδεικνύντι
1338 1652 1474 1716 δῶρα
1499 1650 1729 1712 ἐκπέμπει

100 1723 382 1787 ὅ-βασιλεὺς
414 1724 529 1776 οἷνᾶ
560 1730 682 1777 πᾶν
712 1727 838 1783 ἔτος
875 1723 918 1784 Ι,
961 1728 1083 1777 136.
1134 1722 1240 1777 Cfr.
1281 1722 1352 1783 II,
1394 1730 1444 1776 4.
1487 1728 1574 1776 99.
1627 1722 1729 1783 ΙΙΙ,

103 1798 190 1849 97.
240 1802 362 1851 160.
439 1797 533 1859 IV,
587 1801 633 1852 7.
710 1798 775 1860 V,
831 1803 954 1851 114.
1032 1797 1163 1859 VII,
1205 1803 1328 1850 106.
1367 1830 1443 1838 -
1482 1802 1733 1865 ἐκφέρεται

101 1875 155 1923 δὲ
202 1877 254 1925 ἐκ
299 1879 384 1926 τοῦ
415 1877 665 1942 οἰκήματος
704 1875 820 1928 α’νᾶ
851 1879 1050 1926 πάντα
1082 1875 1150 1924 τὰ
1183 1877 1331 1926 ἔτεα.
1371 1872 1450 1936 ΙΙ,
1493 1878 1617 1927 132.
1656 1906 1732 1914 —

100 1949 184 2014 τὴν
231 1952 285 2000 δὲ
331 1950 472 2018 ὁρτὴν
510 1954 682 2017 ταύτην
715 1954 886 2014 ἄγουσι
912 1951 1172 2017 ’Ἀθηναῖοι
1206 1950 1324 2002 οἴνα
1357 1953 1555 2002 πάντα
1586 1952 1731 2001 ἔτεα.

102 2020 261 2085 VIII,
314 2029 382 2077 65
424 2024 540 2096 (ubi
578 2025 737 2079 Dind.
779 2026 879 2088 α’νιὲ
910 2031 1051 2077 πέντε
1068 2028 1186 2076 μἔτεα
1218 2024 1441 2093 scribit).
1480 2055 1557 2064 —
1596 2027 1732 2092 ῥηχίη

104 2097 149 2148 δ’
178 2101 230 2151 ἐν
264 2100 395 2168 αὐτῷ
425 2108 508 2150 καὶ
540 2104 756 2165 ἄμπωτις
787 2101 906 2152 α’νά
947 2107 1151 2153 πᾶσαν
1183 2101 1406 2168 ἡμέρην
1436 2107 1621 2163 γίνεται
1653 2099 1734 2160 ΙΙ,

106 2176 191 2224 11.
250 2172 355 2227 Cfr.
394 2174 463 2227 ib.
507 2176 592 2227 37.
637 2179 759 2228 130.
839 2174 932 2235 VI,
976 2181 1060 2228 61.
1141 2174 1263 2236 VII,
1308 2179 1429 2227 198.
1497 2174 1601 2235 ΙΧ,
1645 2179 1731 2228 38.

103 2254 357 2315 νεομηνίας
404 2252 457 2299 δὲ
504 2250 623 2300 nivo}
670 2253 867 2307 πασας
914 2259 1017 2301 καὶ
1063 2252 1323 2314 ἑβδόμας
1365 2251 1619 2314 ἳσταμένου
1650 2257 1733 2301 τοῦ

101 2325 249 2391 μηνὸς
302 2327 536 2377 δίδοσθαι
587 2328 638 2377 ἐκ
681 2330 768 2377 τοῦ
814 2328 1044 2393 δημοσίου
1091 2326 1247 2393 ἳρήῖον
1293 2328 1473 2377 τέλειον
1509 2327 1731 2395 ἑκατέρῳ.

252 2487 314 2555 d)
375 2487 552 2541 Etiam
605 2488 900 2541 nominibus
956 2487 1308 2540 numeralibus
1356 2488 1535 2541 addita
1574 2488 1735 2541 habet

103 2560 217 2613 haec
267 2563 567 2635 praepositio
615 2561 998 2616 distributivam
1045 2563 1177 2614 vim:
1235 2564 1264 2628 ἢ
1307 2563 1419 2622 ὁδὸς
1448 2564 1478 2629 ἦ
1508 2563 1734 2631 ἡμερησίη

106 2637 221 2689 ἆνᾶ
270 2641 555 2706 διηκόσια
603 2641 815 2690 στάδια
863 2641 1179 2705 συμβέβληταί
1219 2659 1317 2703 μοι.
1357 2637 1452 2699 IV,
1496 2643 1619 2691 101.
1659 2670 1735 2679 ——

107 2713 170 2771 ὥς
201 2713 321 2765 α’νοὶ
353 2717 705 2782 διηκοσίους
737 2716 968 2782 ἄνδρας
999 2716 1344 2779 λογιζομένοισι
1376 2717 1430 2765 ἓν
1462 2716 1631 2786 ἑκάστῃ
1658 2720 1739 2781 νηί·

104 2785 227 2848 VII,
272 2792 401 2851 184;
440 2789 497 2843 in
535 2790 647 2843 eod.
688 2808 799 2861 cap.
838 2789 994 2860 paulo
1033 2788 1167 2842 infra
1206 2789 1286 2840 ἄν’
1317 2790 1597 2852 ὀγδώκοντα
1640 2793 1735 2841 ἄν-

106 2865 239 2930 δρας.
1648 2918 1651 2922 ,

257 2953 307 3025 e)
362 2952 651 3008 Insolenter
703 2952 911 3025 ponitur
969 2952 1070 3004 α’νά
1122 2950 1233 3013 ΙΧ,
1275 2957 1370 3006 86:
1411 2955 1569 3004 ἐδόκεε
1599 2956 1734 3013 ἐξαι-

105 3032 227 3080 τέειν
269 3028 430 3082 αὐτῶν
467 3030 577 3089 τοὺς
606 3032 923 3097 μηδίσαντας,
956 3030 1010 3081 ἓν
1041 3030 1269 3096 πρώτοισι
1300 3030 1354 3079 δὲ
1386 3027 1547 3081 αὐτῶν
1582 3027 1738 3097 Τιμη-

1503 3134 1537 3181 2
