1881 3663
127 820 201 875 Ι.
280 819 418 967 Deti
429 817 1009 896 praepositionibus
1057 814 1525 880 advermaliter
1567 827 1758 876 usur-

275 923 361 982 pa
420 923 472 968 S.

278 1092 544 1164 Originem
603 1092 1033 1164 praepositionum
1091 1090 1159 1143 ab
1217 1090 1474 1142 adverbiis
1524 1109 1637 1143 esse
1676 1110 1758 1143 re-

129 1168 430 1242 petendam,
471 1185 652 1220 omnes
692 1177 907 1220 monent
944 1165 1285 1238 grammatici.
1347 1162 1503 1224 Quod
1543 1165 1755 1237 quidem

128 1263 290 1316 quum
351 1242 465 1294 aliis
505 1241 660 1294 rebus
699 1242 1068 1314 probaverunt,
1108 1251 1223 1294 tum
1263 1259 1326 1294 ex
1365 1259 1443 1302 eo,
1484 1241 1624 1313 quod
1663 1241 1755 1294 ab-

130 1320 296 1372 solute
354 1316 497 1370 haud
556 1336 670 1370 raro
711 1335 788 1371 eae
828 1317 1014 1389 positae
1053 1317 1397 1376 inveniuntur,
1438 1326 1497 1369 ut
1533 1326 1625 1369 aut
1662 1336 1757 1369 no-

130 1413 252 1446 men
290 1392 554 1463 quoddam
594 1392 674 1443 vel
715 1410 1025 1463 pronomen,
1064 1392 1129 1444 ad
1170 1392 1310 1462 quod
1350 1410 1467 1444 vere
1506 1400 1758 1463 spectant,

130 1468 476 1526 desideretur,
535 1476 625 1519 aut
683 1466 875 1519 omisso
932 1466 1111 1527 verb0,
1152 1466 1292 1537 quod
1332 1465 1640 1537 cogitatione
1680 1475 1759 1519 est

129 1542 497 1614 supplendum,
524 1541 813 1611 praedicati,
854 1541 994 1612 quod
1034 1552 1258 1600 vocatur,
1299 1540 1496 1593 vicibus
1536 1541 1757 1611 fungan-

127 1628 226 1670 tur.
283 1617 459 1685 Atque
498 1615 550 1666 in
591 1615 688 1667 hoc
726 1634 912 1687 genere
939 1633 1096 1686 quam
1123 1615 1334 1667 omnino
1361 1615 1614 1668 rationem
1643 1613 1758 1667 He-

127 1692 339 1745 rodotus
379 1699 587 1742 secutus
626 1690 717 1750 sit,
758 1690 802 1742 si
841 1690 1114 1761 quaeritur,
1153 1689 1314 1742 statui
1353 1699 1548 1762 potest,
1587 1690 1641 1743 in
1680 1690 1756 1743 al-

128 1777 239 1820 tero
278 1765 367 1818 illo
406 1764 834 1817 consuetudinem
874 1765 983 1837 ejus
1022 1764 1268 1836 loquendi
1315 1764 1551 1817 nonnihil
1584 1784 1616 1818 a
1650 1784 1758 1818 ser-

125 1860 279 1894 mone
318 1839 614 1892 Atticorum
640 1840 894 1899 recedere,
921 1840 996 1892 ita
1021 1849 1159 1892 certe
1185 1849 1244 1892 ut
1270 1839 1323 1892 in
1349 1840 1524 1911 plures
1544 1840 1755 1913 quidem

125 1914 533 1987 praepositioneS,
572 1932 730 1985 quam
770 1914 947 1967 Attico
987 1914 1226 1985 scriptori
1251 1915 1411 1974 licuit,
1439 1915 1578 1968 hunc
1603 1934 1756 1969 usum

123 1988 406 2047 admiserit,
446 2006 561 2040 eam
600 2007 721 2040 vero
759 1989 926 2060 legem
960 2007 1166 2060 semper
1191 2008 1421 2042 servasse
1447 1989 1682 2043 videatur
1698 1992 1757 2061 ¹),

127 2073 186 2116 ut
225 2062 528 2135 particulam
569 2062 915 2135 copulativam
943 2067 1034 2131 (δέ,
1069 2067 1174 2128 καί)
1212 2064 1530 2136 adjungeret,
1570 2064 1624 2117 in
1651 2084 1755 2137 quo

125 2138 317 2209 Epicos
357 2137 606 2208 majorem
638 2137 738 2191 sibi
776 2138 1061 2209 sumpsisse
1087 2138 1396 2199 libertatem,
1422 2139 1547 2192 satis
1573 2150 1756 2194 notum

124 2224 204 2266 est
213 2213 279 2283 2).
330 2240 406 2252 ——
455 2208 612 2268 Quod
671 2231 790 2265 vero
850 2214 1040 2266 attinet
1094 2213 1162 2266 ad
1200 2214 1423 2267 alterum
1461 2213 1613 2274 illud,
1653 2234 1756 2286 quo

124 2288 423 2340 monuimus
462 2287 883 2359 praepositionem
924 2306 1081 2341 unam
1115 2297 1280 2341 totam
1308 2288 1413 2341 vim
1442 2289 1585 2342 verbi
1611 2308 1754 2342 com—

123 2362 280 2436 positi
337 2381 490 2434 posse
529 2363 829 2435 complecti,
868 2363 1124 2436 reperitur
1162 2362 1465 2418 Herodotus
1503 2364 1662 2417 etiam
1704 2366 1754 2418 in

123 2439 220 2491 hac
258 2457 313 2491 re
353 2438 517 2510 magis
560 2456 678 2491 cum
717 2438 886 2510 poetis
927 2457 1085 2510 quam
1113 2439 1299 2493 solutae
1320 2438 1566 2493 orationis
1593 2439 1754 2511 scrip-

122 2513 321 2567 toribus
360 2514 646 2574 convenire,
685 2514 826 2585 apud
866 2532 996 2585 quos
1036 2517 1109 2566 ἔνι
1140 2525 1345 2568 tantum
1366 2515 1438 2567 ita
1463 2524 1754 2586 usurpatur.

120 2619 198 2628 -—
237 2585 374 2645 Quae
412 2606 531 2640 vero
571 2588 842 2660 utriusque
881 2589 1083 2660 generis
1122 2590 1262 2661 apud
1303 2587 1635 2642 Herodotum
1673 2589 1751 2643 in-

120 2663 399 2717 veniuntur
439 2664 697 2734 exempla,
734 2665 845 2736 jam
885 2674 1122 2717 nostrum
1161 2665 1260 2718 erit
1298 2664 1542 2737 proferre.

223 2827 251 2874 ¹)
295 2827 351 2863 De
393 2825 489 2862 locis
526 2825 603 2860 illis
646 2825 791 2868 dubiis,
828 2827 893 2863 ubi
919 2827 1168 2864 inveniuntur
1194 2823 1299 2877 πρός
1324 2823 1372 2872 δὴ
1400 2820 1458 2863 ὦν
1483 2830 1522 2862 et
1546 2823 1646 2877 πρός
1670 2825 1752 2879 γάρ

117 2889 230 2937 paulo
257 2890 356 2926 infra
382 2889 543 2926 dicetur.

223 2962 252 3010 ²)
278 2964 377 3000 Vide
405 2965 549 3012 Krueg.
578 2965 604 3000 1.
633 2976 664 3002 c.
691 2963 746 3008 11,
773 2966 808 3011 S.
836 2964 900 3008 68,
919 2966 957 3007 2,
975 2965 1008 3000 1.
1038 2964 1175 3000 Matth.
1204 2963 1257 3005 ΙΙ,
1284 2964 1319 3008 §-
1349 2961 1436 2999 594.
1466 2963 1619 3000 Kuehn.
1647 2963 1699 3008 11,
1717 2966 1752 3011 5.

117 3024 195 3064 618
221 3032 260 3064 et
285 3027 460 3074 exempla
486 3028 617 3065 allata.
