1881 3663
884 201 954 249 32

254 320 317 372 In
366 320 432 380 V,
475 326 573 382 92,
605 327 660 375 6:
712 323 1042 390 άπηγεόμενος
1072 328 1140 373 τά
1172 342 1282 389 περ
1312 323 1461 387 πρὸς
1496 329 1731 389 Θρασυ-

102 394 210 461 βού
224 399 329 447 λου
378 396 596 457 ὄπῶπεε,
644 398 820 452 animo
878 398 1142 471 scriptoris
1201 399 1462 463 ποιεύμενα
1506 399 1588 452 vel
1626 399 1731 453 tale

102 472 229 542 quid
267 471 599 525 obversatum
638 492 752 527 esse
792 475 1011 528 videtur.

252 544 316 598 In
356 565 454 600 usu
493 548 692 602 voculae
730 553 850 618 πρός
890 549 1079 603 Dativo
1120 547 1413 620 praepositae
1450 547 1595 608 nihil,
1624 547 1732 601 Ac-

102 622 331 674 cusativo
371 641 536 693 pauca
575 625 748 686 mod0‚
788 643 907 696 quae
930 625 1014 678 hic
1041 632 1582 682 commemorarentur,
1605 632 1728 693 apta

101 716 129 750 e
162 696 309 751 libris
349 696 664 755 Herodoteis
705 700 924 754 enotavi.
1002 703 1131 766 Πρός
1169 697 1308 752 enim
1341 702 1461 751 cum
1501 697 1729 750 Accusa-

100 772 207 826 tivo
265 773 579 844 peculiarem
629 774 683 827 in
722 776 938 829 modum
977 792 1368 845 nonnumquam
1407 774 1480 826 ita
1518 772 1730 825 inservit

98 848 476 920 comparationi
535 849 687 902 unius
747 870 867 903 cum
911 849 1091 903 multis
1132 849 1367 920 ejusdem
1404 847 1605 920 generis
1645 866 1727 900 re-

100 922 223 982 bus,
264 931 323 975 ut
362 942 449 975 eas
488 941 668 976 omnes
715 925 803 977 illa
842 924 1161 996 aequiparare
1199 923 1281 976 vel
1320 922 1477 975 etiam
1516 940 1727 993 supera-

100 1016 154 1049 re
204 996 545 1067 significetur;
597 998 897 1069 hujusmodi
936 1016 1059 1050 usus
1099 998 1212 1050 haec
1252 996 1425 1049 inveni
1463 996 1727 1068 exempla:

96 1075 297 1140 ἔρχομαι
345 1075 399 1123 δὲ
446 1080 557 1136 περὶ
608 1077 858 1136 Αἰγύπτου
904 1078 1152 1140 μηκυνέων
1199 1074 1283 1125 τὸν
1315 1074 1462 1134 λόγον
1493 1074 1566 1124 ὅτι
1598 1075 1729 1124 πλέω

97 1151 334 1212 θωμάσια
381 1149 476 1211 ἔχει
523 1151 552 1214 ἢ
602 1151 724 1216 ἄλλη
772 1154 910 1200 πᾶσα
957 1152 1084 1216 χώρη
1135 1155 1218 1199 καὶ
1265 1151 1382 1214 ἔργα
1430 1148 1576 1209 λόγού
1605 1149 1728 1212 μέζω

101 1230 357 1291 παρέχεται
389 1223 538 1290 πρὸς
568 1230 650 1273 πά
660 1241 773 1276 σαν
804 1228 993 1293 χώρην
1025 1222 1096 1283 ΙΙ,
1128 1228 1213 1276 35.
1293 1227 1451 1291 φόρον
1483 1223 1724 1285 άπαγίνε-

100 1318 157 1349 ον
204 1298 353 1367 πρὸς
396 1301 628 1358 πάντας
668 1300 801 1358 τοὺς
840 1302 1073 1358 ἄλλους,
1109 1301 1338 1366 ἑξήκοντα
1371 1306 1455 1348 καὶ
1487 1302 1729 1365 τριηκόσια

98 1378 313 1425 τάλαντα
352 1377 615 1442 ψήγματος,
642 1373 744 1435 ΙΙΙ,
773 1380 860 1427 94.
932 1376 1193 1441 Ἀθηναῖοι
1224 1381 1313 1438 μὲν
1345 1376 1723 1443 (ἐστρατεύοντυ)

100 1450 242 1517 πρὸς
289 1453 523 1508 πάντας
569 1450 678 1509 τούς
724 1453 901 1509 ἄλλους
948 1453 1265 1517 παρεχόμενοι
1306 1454 1419 1507 νέας
1450 1449 1728 1512 ὄγδώκοντα

103 1533 188 1575 καὶ
220 1527 391 1576 ἑκατόν
429 1523 582 1585 VIII,
612 1530 683 1577 44
705 1526 762 1596 ¹).

248 1599 430 1652 Minus
473 1599 665 1653 usitate
712 1600 901 1654 dicitur
952 1598 1015 1659 V,
1070 1603 1163 1651 95:
1221 1601 1354 1651 ὅπλα
1395 1598 1729 1667 ἀνεκρέμασαν

98 1675 218 1743 πρὸς
248 1675 301 1726 τὸ
327 1676 625 1741 Ἀθηναῖον,
661 1675 753 1728 ubi
792 1685 883 1728 aut
921 1678 967 1734 ἐς
1001 1683 1092 1727 aut
1130 1678 1250 1740 πρός
1289 1673 1481 1727 Dativo
1520 1692 1727 1746 praepo-

94 1750 254 1802 situm
294 1750 688 1820 exspectaveris,
766 1748 903 1802 Vide
944 1749 1109 1802 Stein.
1149 1750 1216 1801 ad
1255 1749 1393 1801 hunc
1433 1749 1619 1801 locum.

242 1837 380 1887 Ἐπί.
440 1835 527 1909 A)
570 1836 703 1891 Cum
751 1835 1010 1890 Genetivo.
1066 1834 1129 1909 a)
1158 1834 1359 1889 Locum
1386 1834 1680 1908 significans
1699 1855 1730 1889 a

91 1930 328 1964 sermone
369 1911 545 1963 Attico
585 1911 750 1965 aliene
789 1921 1069 1982 usurpatur
1108 1912 1220 1963 haec
1258 1909 1559 1982 praepositio
1605 1930 1726 1964 cum

91 1986 247 2040 verbo
288 1990 573 2040 ἒπικέεσθαι
610 1984 734 2046 VII,
765 1990 821 2039 6·
855 2008 909 2037 αι
941 1990 1044 2038 ἐπὶ
1070 1988 1316 2053 Λήμνου
1348 1988 1727 2052 ἐπικείμεναι

91 2067 275 2127 νῆσοι,
317 2061 369 2113 in
409 2079 512 2132 qua
551 2060 806 2132 scriptura
845 2060 1114 2114 retinenda
1153 2061 1391 2144 quamvis
1432 2080 1613 2115 omnes
1635 2080 1722 2114 co-

96 2136 237 2189 dices
296 2135 616 2206 conspirent,
674 2145 982 2207 receperunt
1039 2145 1214 2189 tamen
1253 2134 1469 2206 Krueg.⁹
1512 2135 1724 2189 Abicht

91 2221 144 2264 et
199 2208 361 2264 Stein.
403 2208 669 2270 Dativum‚
710 2211 801 2281 qui
841 2230 990 2264 casus
1029 2210 1194 2283 magis
1234 2220 1314 2264 est
1353 2209 1511 2263 etiam
1551 2208 1725 2264 Hero-

91 2285 202 2339 doti
244 2285 607 2338 consuetudini
644 2285 891 2356 loquendi
932 2287 1257 2339 conveniens,
1319 2283 1454 2356 (Cfr.
1495 2283 1596 2347 III,
1641 2290 1724 2338 59.

92 2360 186 2421 lv,
232 2365 355 2413 156.
416 2358 539 2419 vn,
585 2360 737 2430 235).

240 2450 292 2518 b)
357 2445 496 2501 Tum
541 2446 893 2501 observandus
933 2457 1013 2501 est
1049 2465 1176 2501 usus
1215 2446 1355 2518 apud
1395 2443 1725 2501 Herodotum

88 2523 567 2596 frequentissimuS‚
609 2540 714 2594 quo
754 2523 898 2595 origo
938 2522 1019 2574 vel
1059 2522 1258 2574 occasio
1296 2520 1523 2574 nominis
1563 2522 1724 2575 alicu-

80 2600 168 2671 jus
207 2599 511 2669 declaratur.
592 2597 729 2651 Haec
768 2597 1031 2652 sufficiant
1072 2595 1333 2668 exempla.

244 2674 271 2727 ὅ
315 2677 369 2725 δὲ
411 2674 583 2740 χρυσὸς
624 2671 762 2734 οὗτος
803 2678 887 2725 καῖ’
929 2673 956 2725 ὅ
988 2677 1218 2742 ἄργυρος,
1252 2672 1336 2724 τὸν
1367 2672 1394 2723 ὅ
1427 2673 1576 2739 Γύγης
1607 2673 1719 2725 α’νέ-

85 2756 238 2818 θηκε,
278 2751 375 2802 ὑπὸ
417 2754 622 2817 Δελφῶν
660 2754 882 2802 καλέεται
921 2754 1146 2815 Γυγάδας
1186 2752 1284 2800 ἐπὶ
1315 2753 1413 2800 τοῦ
1446 2749 1722 2801 άναθέν-

87 2848 184 2886 τος
214 2830 494 2894 ἇπωνυμίην
525 2825 567 2886 I,
599 2831 684 2880 14.
736 2829 999 2887 Πελειάδες
1032 2830 1090 2880 δέ
1115 2846 1201 2890 μοι
1232 2827 1450 2877 δοκέουσι
1482 2827 1728 2893 κληθῆναι

196 2979 223 3023 ¹)
259 2978 333 3014 Cfr.
370 2978 606 3025 Bernhardy.
642 2978 667 3014 l.
704 2989 736 3016 e.
773 2990 809 3026 p.
847 2977 942 3021 2653
981 2978 1187 3025 uhi-plura
1214 2978 1357 3016 similia
1382 2988 1428 3015 ex
1456 2977 1542 3015 aliis
1570 2978 1725 3026 :wipto-

85 3040 190 3078 ribus
216 3041 337 3087 potita
363 3042 536 3091 exempla
562 3041 816 3091 proferuntur.
872 3041 1029 3079 Kuehu.
1058 3041 1083 3079 1.
1112 3052 1145 3079 c.
1174 3040 1227 3085 11,
1254 3040 1343 3083 616.
