1881 3663
936 187 1006 234 24

150 362 227 413 De
267 359 722 424 praepositionibus
756 371 878 410 eum
911 359 1187 421 Genetivo,
1221 357 1437 420 nativo,
1471 357 1784 410 Accusativo

813 450 1123 515 conjunctis.

293 565 485 628 Ἀμφὶ.
564 562 813 616 Rariores
861 564 1061 635 aliquot
1100 563 1254 633 hujus
1293 561 1680 634 praepositionis
1720 580 1782 613 u·-

149 657 251 699 suS‚
292 637 384 712 qui
415 637 483 691 ad
521 637 919 692 similitudinem
958 637 1212 692 sermonis
1253 645 1527 710 poetarum
1567 637 1781 709 propius

148 733 308 786 quam
348 715 658 786 scriptorum
699 714 885 767 solutae
916 713 1163 768 orationis
1192 713 1490 767 Atticorum
1516 712 1783 772 accedunt,

148 789 235 842 hic
275 789 557 843 annotandi
597 799 739 843 sunt:

302 888 388 961 A)
438 888 572 943 Cum
621 889 752 943 Gen.
830 889 888 960 a)
929 888 1135 942 Localis
1174 887 1480 960 significatio
1521 896 1621 940 est:

300 978 452 1028 ἐπι-’ἀν
483 987 604 1029 τοῖσι
638 978 916 1044 ἄμφικτίοσι
948 982 1070 1028 πᾶσι
1104 987 1223 1028 τοῖσι
1265 977 1418 1042 ἄμφὶ
1440 978 1660 1046 ταύτης
1692 978 1779 1027 οἶ-

150 1057 352 1101 κέουσι
393 1058 494 1118 τῆς
535 1056 745 1111 πόλιος
774 1055 921 1123 μέλλῃ
952 1074 996 1102 τι
1029 1053 1162 1110 ἐντὸς
1192 1054 1367 1116 χρόνου
1398 1053 1602 1102 ἔσεσθαι
1632 1054 1779 1115 χαλε-

149 1127 268 1185 πὸν,
313 1129 414 1178 τότε
457 1148 496 1176 κ.
531 1147 569 1177 τ.
604 1131 647 1177 λ.
687 1125 841 1189 VIII,
884 1131 1014 1187 104,
1054 1127 1145 1198 qui
1183 1138 1359 1179 tamen
1398 1125 1566 1186 locus,
1600 1126 1712 1199 jam
1750 1144 1781 1179 a

148 1199 487 1255 Valckenario
546 1203 848 1264 damnatuS‚
903 1222 1031 1255 num
1089 1201 1155 1254 ab
1210 1200 1481 1275 Herodoto
1520 1201 1781 1273 profectus

149 1277 238 1335 sit,
291 1278 408 1348 jure
467 1278 521 1329 in
576 1277 795 1331 dubium
853 1286 1103 1330 vocarunt
1151 1276 1384 1349 plerique
1424 1276 1676 1344 editoreS,
1716 1295 1781 1330 ex

149 1350 338 1422 quibus
397 1352 621 1424 Krueg.‚
680 1353 806 1413 Ab„
865 1350 1026 1406 Stein.
1084 1353 1182 1406 hoo
1229 1363 1400 1406 totum
1439 1362 1595 1423 caput
1634 1351 1780 1405 uncis

148 1426 490 1488 incluserunt3
530 1438 584 1481 et
622 1427 800 1481 Baehr.
842 1446 1160 1500 quamquam
1200 1428 1333 1481 hano
1373 1428 1439 1482 de
1467 1426 1780 1482 Pedasensi-

150 1501 248 1554 bus
308 1503 687 1574 digressionem
738 1502 1008 1556 Herodoto
1066 1503 1355 1574 adjudicat,
1415 1512 1569 1574 negat
1607 1512 1780 1561 tamen

148 1575 287 1628 hunc
325 1577 498 1630 locum
536 1577 690 1648 plane
730 1577 988 1648 integrum
1029 1596 1156 1630 esse.
1236 1575 1343 1635 Qui
1381 1577 1531 1648 plura
1571 1576 1778 1631 deside-

148 1659 249 1710 rat,
290 1652 357 1702 ad
395 1650 574 1703 Baehr.
616 1661 670 1704 et
708 1650 870 1704 Stein.
911 1652 1109 1722 delego.

297 1736 349 1807 b)
390 1735 662 1791 Translate
703 1738 892 1792 dicitur
922 1739 1062 1804 α’μφί
1101 1739 1285 1792 eodem
1325 1757 1497 1800 sensu,
1530 1757 1633 1811 quo
1671 1743 1781 1806 περί

149 1808 406 1866 Genetivo
446 1813 706 1867 additum:
764 1815 918 1881 αμφὶ
956 1822 1061 1880 μὲν
1104 1821 1337 1883 κρίσιος
1377 1836 1472 1867 των
1503 1818 1781 1883 μνηστήρων

145 1891 353 1937 τοσαῦτα
397 1891 581 1950 ἐγένετο
620 1888 713 1959 VI,
757 1894 887 1949 131;
928 1890 1019 1943 ubi
1057 1900 1234 1943 tamen
1275 1890 1484 1943 Abicht.
1524 1900 1577 1943 et
1616 1888 1779 1943 Stein.

144 1957 396 2015 Dativum
434 1954 759 2034 receperunt.

298 2059 388 2134 B)
446 2061 593 2115 Cum
621 2063 754 2116 Dat.
833 2063 891 2133 a)
932 2062 1201 2116 Iudicatur
1238 2063 1407 2116 locus:
1447 2069 1494 2114 εἴ
1522 2069 1611 2132 πέρ
1641 2085 1695 2127 γε
1726 2067 1778 2116 ἔ-

144 2137 333 2262 μελλοῖ
368 2158 425 2264 ιίιῖ
426 2211 454 2264 Ι
456 2140 699 2273 ἷίκητοὲες
748 2139 784 2190 α’
789 2160 825 2204 μ
834 2139 887 2206 φ’
926 2161 959 2190 α
970 2139 1000 2190 ὖ
1007 2144 1072 2211 τῇ
1103 2139 1166 2210 (2
1174 2161 1208 2190 α
1218 2142 1246 2190 λ
1258 2161 1290 2190 α
1301 2161 1336 2204 μ
1345 2150 1403 2191 ἵν
1416 2140 1459 2210 ι)
1492 2142 1780 2209 τελευτήσειν

144 2231 172 2260 κ
219 2232 249 2261 τ
542 2218 612 2266 14

294 2299 347 2368 b)
391 2297 724 2371 Significatur
762 2300 838 2360 id,
879 2300 945 2352 de
985 2318 1088 2371 quo
1129 2298 1401 2371 quaeritur:

297 2386 449 2453 α’μφῖ
487 2394 598 2452 μὲν
640 2392 800 2454 νόμῳ
844 2391 1029 2455 τούτῳ
1077 2390 1217 2450 ἐχέτω
1259 2388 1323 2446 ὥς
1363 2395 1447 2438 καί
1480 2389 1632 2455 ἀρχὴν
1663 2393 1775 2442 ἕνο-

144 2467 301 2529 μίσθη
339 2460 382 2520 Ι,
427 2466 550 2514 140.
621 2461 727 2515 Cfr.
768 2461 835 2529 V,
880 2468 964 2515 52.
1011 2493 1087 2501 —
1127 2462 1286 2528 ἀμφὶ
1318 2464 1381 2514 δὲ
1411 2467 1490 2530 τῷ
1520 2469 1778 2533 θανάτῳ

144 2537 320 2605 αὐτῆς
354 2538 509 2598 διξὸς,
545 2540 706 2606 ὥσπερ
739 2546 850 2606 περὶ
882 2540 1127 2605 Σμέρδιος,
1162 2540 1346 2600 λέγεται
1379 2541 1518 2601 λόγος
1554 2538 1653 2599 ΙΙΙ,
1688 2544 1777 2594 32.

144 2609 249 2664 Cfr.
290 2610 384 2671 IV,
427 2614 551 2665 127.
586 2645 660 2653 -—
693 2614 853 2682 ἀμφὶ
887 2617 950 2665 δὲ
982 2614 1193 2681 απόδῳ
1226 2619 1456 2680 πείσομαί
1487 2635 1559 2666 τοι
1598 2613 1661 2676 V,
1688 2610 1774 2670 19.

142 2715 218 2725 —
259 2687 323 2746 ὥς
370 2689 424 2737 δὲ
473 2690 574 2740 απο
621 2692 824 2743 δείπνου
871 2693 1093 2752 ἐγένοντο
1142 2690 1190 2741 οἳ
1227 2694 1484 2758 μνηστῆρες
1514 2692 1616 2762 ἔριν
1647 2695 1778 2755 εἶχον

142 2761 427 2896 ξϊῖφὶὲέε
482 2771 736 2837 μουσικῇ
793 2772 895 2816 καὶ
945 2770 1023 2834 τῷ
1070 2768 1375 2833 λεγομένῳ
1427 2768 1476 2851 ἐς
1525 2766 1578 2818 τὸ
1628 2771 1777 2831 μέσον

292 2924 343 2993 ο)
405 2922 577 2978 Causa
634 2924 914 2989 indicatur,
975 2927 1066 2980 ubi
1106 2927 1171 2979 de
1212 2935 1355 2980 metu
1395 2946 1566 2981 sermo
1607 2937 1708 2982 est:
1748 2931 1776 2981 ὅ

143 2998 196 3047 δὲ
220 2997 371 3051 ὀὐδὲν
403 3006 646 3070 φοβηθεὶς
677 3002 840 3070 ἀμφὶ
870 3008 930 3076 τῇ
966 3007 1218 3065 γυναικί
1248 3023 1290 3053 ιι.
1321 3023 1361 3057 τ.
1394 3006 1437 3057 λ.
1478 3001 1571 3067 VI,
1614 3007 1698 3059 62.
