1881 3663
921 183 989 235 30

134 311 351 368 ἅπαντος
398 307 578 378 ἀνδρὸς
625 312 860 377 νενόμικα
907 316 1167 374 γίνεσθαι,
1219 310 1349 362 ἄλλα
1382 311 1504 377 πρὸς
1534 316 1693 383 ψυχῆς
1722 332 1772 363 τε

133 386 330 451 α’γαθῆς
376 392 462 435 καὶ
509 387 669 453 ῥώμης
701 388 932 456 ἀνδρηίης
963 385 1078 449 VH,
1123 390 1251 448 153;
1311 387 1485 453 minus
1523 398 1668 460 apte,
1707 399 1769 442 ut

128 460 316 588 ῐὲιέὴίΙ
317 460 540 521 videtur,
600 463 809 536 delegat
864 461 1067 535 Krueg.
1127 463 1194 517 ad
1253 460 1347 515 Gr.
1403 461 1499 515 Gr.
1557 464 1609 524 Ι,
1668 467 1767 526 68,

292 624 348 695 y)
409 624 671 697 Agentem
732 625 947 679 denotat
1001 626 1122 690 πρὸς
1179 643 1296 677 cum
1335 623 1505 678 verbis
1544 624 1791 687 dicendi„

136 699 486 762 existimandi,
525 701 892 773 cognoscendi;
932 700 1252 774 appellandi;
1292 700 1608 763 aestimandi3
1649 711 1769 756 cett..

140 775 275 829 Haec
314 778 421 829 fere
461 777 704 848 exempla
741 778 1081 849 suppeditant
1118 776 1253 829 libri:

289 868 317 917 ὅ
334 887 377 916 τι
392 871 481 930 μέν
498 885 587 917 νυν
604 866 663 916 τὰ
681 867 833 917 λοιποὶ
849 871 947 917 τῶν
964 871 1256 933 χρηστηρίων
1273 868 1516 926 ἐθέσπισε,
1537 869 1769 929 λέγεται

136 944 281 1009 πρὸς
307 942 582 1006 οὐδαμῶν
613 941 653 1002 Ι,
677 942 763 994 47.
806 939 913 994 Cfr.
937 938 1054 1001 VH,
1079 944 1164 993 60.
1191 943 1311 994 153.
1350 939 1451 1002 IX,
1475 945 1764 995 81.—30‘v-

137 1038 210 1076 τες
241 1022 296 1069 δὲ
324 1019 499 1083 μητρὸς
531 1016 591 1067 οὕ
620 1022 700 1082 τῆς
732 1018 876 1082 αὐτῆς
908 1017 1209 1074 ἐστασίαζον,
1245 1017 1272 1067 ὁ
1296 1022 1385 1081 μὲν
1405 1018 1770 1087 Ἀρτοβαζάνης,

138 1093 238 1143 κατ’
271 1096 300 1144 ὅ
331 1114 374 1143 τι
408 1094 726 1159 πρεσβύτατός
757 1113 806 1143 τε
836 1097 908 1157 εἴη
939 1092 1122 1150 παντὸς
1152 1096 1239 1143 τοῦ
1267 1095 1416 1155 γόνου
1447 1101 1531 1151 καὶ
1562 1096 1635 1146 ὅτι
1667 1116 1767 1147 νο-

135 1171 420 1234 μιζόμενα
462 1171 535 1233 εἴη
576 1168 722 1233 πρὸς
765 1171 1003 1218 πάντων
1036 1168 1392 1234 ἀνθρώπων
1424 1189 1466 1218 κ.
1498 1190 1536 1219 τ.
1571 1172 1612 1220 λ.
1652 1167 1770 1230 VH,

143 1250 192 1297 2.
253 1242 360 1297 Cfr.
401 1242 470 1295 ib.
513 1246 598 1302 10,
643 1244 690 1294 7.
736 1247 859 1295 151.
908 1273 984 1282 —
1032 1245 1366 1346 δεδόξωσθε
1406 1245 1553 1311 προς
1593 1246 1774 1298 αὐτοῦ

134 1322 306 1388 ἄνδρες
336 1323 464 1370 εἶναι
496 1318 689 1381 αγαθοί
727 1315 844 1379 VH,
886 1321 1011 1370 135.

283 1432 310 1462 ο
341 1415 430 1473 μεν
462 1408 521 1475 δὴ
540 1410 719 1474 Ἴστρος
751 1428 896 1475 προς
928 1410 1164 1460 πολλῶν
1195 1411 1549 1469 γινώσκεται
1587 1409 1655 1467 Π,
1681 1412 1767 1462 34.

134 1483 241 1539 Cfl.
280 1483 372 1544 IV,
414 1489 483 1536 45
529 1482 678 1555 (bis).
718 1481 808 1544 VI,
852 1489 884 1535 2
925 1483 1356 1554 (καταννωσθείς).

287 1574 548 1629 Πελειάδες
588 1575 645 1622 δέ
671 1592 756 1635 μοι
788 1575 1007 1623 δοκέουσι
1039 1575 1343 1637 κληθῆναι
1375 1591 1519 1635 προς
1549 1575 1769 1623 Δωδω-

137 1652 333 1700 ναίων
391 1651 474 1698 ἐπὶ
532 1648 672 1698 τοῦδε
723 1646 778 1696 οἳ
825 1658 1047 1709 γυναῖκες
1097 1649 1220 1699 διότι
1270 1667 1313 1697 κ.
1365 1667 1403 1697 τ.
1453 1649 1497 1696 λ.
1549 1646 1625 1706 H,
1684 1646 1772 1699 57.

135 1721 240 1776 Cfr.
301 1723 394 1783 ΙΠ,
453 1725 576 1773 115.
614 1719 753 1782 'VH,
803 1727 889 1774 62.
971 1724 1031 1776 In
1090 1720 1182 1781 VI,
1213 1724 1310 1774 57:
1366 1721 1515 1772 τῶυτό
1547 1724 1602 1772 δὲ
1631 1726 1770 1773 τοῦτο

137 1806 221 1848 καὶ
261 1798 382 1862 πρὸς
414 1800 642 1847 ἰδιωτέων
673 1799 942 1862 κληθέντας
975 1801 1056 1848 ἐπὶ
1089 1800 1292 1848 δεῖπνον
1322 1801 1587 1861 τιμᾶσθαι,
1623 1796 1768 1849 vide-

133 1883 219 1926 tur
250 1873 372 1939 πρός
403 1874 630 1924 ἰδιωτέων
661 1891 765 1925 non
805 1873 980 1926 minus
1017 1872 1085 1925 ad
1110 1877 1353 1944 τιμᾶσθαι
1375 1890 1535 1943 quam
1558 1871 1626 1925 ad
1652 1874 1768 1939 κλη-

130 1954 312 2007 θέντας
350 1947 533 2003 referri
574 1946 779 2001 debere.

284 2038 369 2103 τὴν
407 2040 508 2100 ἶβιν
541 2036 626 2086 διὰ
657 2040 793 2087 τοῦτο
825 2038 879 2088 τὰ
908 2039 1051 2104 ἔργον
1082 2040 1449 2102 τετιμῆσθαι
1476 2037 1664 2096 λέγουσι
1686 2035 1768 2087 'A-

134 2116 298 2178 ροὶβιοι
338 2113 556 2175 μεγάλως
598 2112 742 2177 πρὸς
773 2115 1119 2173 Αἰγυπτίων
1149 2111 1216 2170 Π,
1261 2112 1346 2162 75.
1426 2107 1533 2161 Cfr.
1573 2107 1637 2169 V,
1680 2115 1767 2162 20.

134 2186 233 2247 VI,
279 2191 362 2239 52.
424 2184 575 2246 VIII,
630 2190 753 2239 124.
809 2191 930 2240 125.
981 2219 1057 2227 —
1106 2189 1305 2239 πάντων
1337 2185 1485 2251 πρὸς
1517 2189 1614 2237 σέο
1644 2192 1765 2251 βου-

130 2262 381 2328 λευμάτων
428 2260 689 2313 ἐπακούειν
742 2262 777 2310 οἷ
785 2268 813 2322 ξ
822 2267 1025 2326 ιεῦμαι
1074 2259 1139 2319 V,
1188 2266 1312 2314 106.
1389 2262 1474 2312 τὸν
1515 2263 1569 2311 δὲ
1608 2264 1771 2314 δεινόν

132 2360 176 2389 τι
217 2341 323 2402 ἔσχε
364 2337 790 2401 ἀτιμάζεσθαι
827 2338 973 2405 πρὸς
1004 2339 1448 2404 Πεισιστράτου
1485 2335 1526 2394 Ι,
1569 2339 1655 2388 61.
1696 2367 1771 2375 -

134 2420 318 2481 πρῶτοι
339 2415 559 2481 ’Ἀνδριοι
591 2418 862 2478 νησιωτέων
904 2415 1257 2479 αἰτηθέντες
1300 2413 1440 2478 πρὸς
1480 2415 1769 2474 Θεμιστο-

132 2494 301 2551 κλέος
331 2492 549 2559 χρήματα
582 2488 669 2548 οῦκ
700 2490 878 2542 ἔδοσαν
911 2487 1055 2549 VIII,
1086 2490 1208 2541 111.

282 2570 434 2634 ἤθελε
480 2571 669 2631 μαθεῖν
701 2566 763 2616 τὸ
812 2567 1179 2629 ποιεύμενον
1227 2564 1373 2631 πρὸς
1419 2566 1531 2612 τοῖν
1562 2570 1769 2613 Λακε-

130 2647 468 2708 δαιμονίων
521 2639 647 2701 VH,
700 2645 825 2694 209.
875 2673 952 2681 —
1002 2642 1316 2705 ἐπιστάμενος
1349 2659 1419 2690 ων
1453 2637 1517 2696 ὥς
1546 2659 1767 2706 περιυ-

131 2724 445 2789 βρισμένος
476 2722 548 2785 εἴη
579 2736 726 2785 προς
758 2717 980 2776 αυτῶν,
1013 2717 1206 2768 ἐπενόεε
1237 2735 1280 2766 κ.
1311 2735 1351 2765 τ.
1377 2716 1422 2765 λ.
1447 2712 1515 2774 H,
1546 2718 1672 2768 152.
1693 2745 1768 2755 —

131 2800 345 2860 πολέμου
376 2798 431 2845 δὲ
468 2797 631 2851 ἐόντος
662 2795 784 2860 πρὸς
815 2793 1192 2862 Λαμψακηνούς
1225 2798 1311 2841 καὶ
1341 2783 1647 2856 Στησαγόρην
1681 2812 1767 2841 κα-

129 2875 297 2939 τέλαβε
345 2871 632 2924 αποθανεῖν
674 2871 893 2931 ἄπαιδα,
929 2871 1224 2937 πληγέντα
1256 2865 1341 2934 την
1372 2864 1593 2933 κεφαλὴν
1625 2868 1767 2919 πελέ-

133 2959 205 2997 κεῖ
242 2953 297 3000 ἓν
337 2954 406 3016 τῷ
448 2950 726 3014 πρυτανηίῳ
759 2948 908 3015 πρὸς
941 2945 1170 3012 ανδρός
1203 2943 1550 3008 αυτομόλου
1581 2963 1625 2991 κ.
1656 2964 1696 2993 τ.
1728 2945 1772 2993 λ.

133 3021 224 3086 VI,
265 3028 351 3080 38.
384 3056 461 3074 ·—.-
499 3022 589 3094 οὔκ
636 3024 832 3093 ἔφασαν
880 3023 1223 3088 ὠθεόμενοι
1269 3019 1418 3088 πρὸς
1459 3017 1659 3073 αὐτῶν
1693 3022 1777 3072 ἐπὶ
