1881 3663
918 184 988 232 36

126 309 192 359 ad
233 305 331 364 VI,
377 305 488 374 12).
569 309 669 356 ἐπὶ
701 308 873 367 τάξις
916 308 1179 362 πλεῦνας
1212 306 1521 368 ἐκεκοσμέατο
1554 305 1601 355 οἳ
1635 309 1764 371 Πέρ-

126 398 208 433 σαι
227 379 328 439 ΙΧ,
359 385 444 433 31.
487 378 593 433 Cfr.
621 380 720 441 VI,
753 386 876 435 111.
918 383 1155 451 ὦρμέοντο
1188 382 1236 438 ἐς
1267 383 1448 432 πόντον
1480 383 1579 431 ἐπὶ
1610 380 1762 435 ὀκτώ

128 464 267 514 νέας
299 455 423 512 VII,
456 461 579 508 188.
622 487 698 495 —
740 458 818 509 Ac
859 458 990 510 ratio
1031 456 1415 528 praepositionis
1442 456 1628 509 eadem
1654 473 1768 507 esse

125 533 330 586 videtur
368 530 459 591 IV,
505 533 590 592 67,
633 532 722 586 ubi
764 534 828 586 de
868 543 978 585 arte
1018 529 1282 585 divinandi
1321 540 1499 583 vatum
1540 528 1767 602 Scythass

127 627 244 660 rum
302 607 416 659 haec
473 607 741 679 leguntur:
798 610 950 660 ἐπεὰν
1002 610 1239 674 φακέλους
1289 608 1488 672 ῥάβδων
1534 609 1771 671 μεγάλους

127 688 432 741 ἐνείκωνται,
483 689 653 742 θέντες
695 692 848 749 χαμαὶ
897 687 1254 745 διεξειλίσσουσι
1295 681 1487 741 αὐτοὺς,
1543 689 1627 732 καὶ
1669 685 1770 734 ἐπὶ

128 765 276 824 μίαν
309 760 510 825 ἑκάστην
544 761 732 825 ῥάβδον
763 765 977 818 τιθέντες
1012 760 1307 817 θεσπίζουσι.
1363 760 1467 823 ἅμα
1487 777 1536 807 τε
1555 760 1771 821 λέγοντες

128 841 279 886 ταῦτα
322 837 611 886 συνειλέουσι
652 837 738 895 τᾶς
778 838 986 902 ῥάβδους
1027 837 1181 887 ὄπίσω
1214 841 1298 884 καὶ
1331 834 1464 893 αὖτις
1495 835 1618 884 κατὰ
1648 839 1769 899 μίαν

133 917 399 963 συντιθεῖσι
410 935 422 970 3
457 929 576 980 quae
615 912 909 982 explicandi
949 912 1079 964 ratio
1121 910 1333 963 Baehrio
1373 908 1639 981 displicet,
1679 908 1769 980 qui

131 987 243 1055 ipse
294 986 368 1036 ita
413 985 806 1055 interpretatur:
867 985 1318 1057 ”unamquamque
1366 984 1562 1056 virgam
1614 1003 1770 1056 super

130 1060 347 1111 alteram
387 1068 639 1128 ponentes
680 1058 958 1111 divinant.”

281 1160 331 1227 c)
391 1155 595 1210 Localis
646 1176 766 1211 vero
821 1177 945 1212 usus
996 1158 1177 1230 utique
1216 1158 1433 1219 insoliti,
1474 1177 1577 1230 quo
1617 1176 1768 1211 usur-

133 1243 287 1304 patur
325 1237 408 1283 ἕπί
446 1252 565 1284 cum
610 1233 919 1286 Accusativo
961 1235 1143 1286 eadem
1183 1234 1404 1293 ratione,
1445 1244 1601 1305 atque
1641 1233 1768 1286 alias

132 1310 233 1360 α’νά
269 1308 351 1360 vel
391 1311 537 1366 κατά,
579 1328 743 1360 unum
783 1308 1082 1379 exemplum
1124 1319 1312 1362 exstat:
1354 1312 1441 1376 ἤδη
1474 1312 1527 1360 δὲ
1558 1314 1641 1359 καὶ
1662 1310 1769 1359 τόδε

131 1387 311 1450 ἤκουσα
345 1383 409 1442 ὥς
440 1384 467 1434 ὅ
500 1388 743 1450 Δηίφονος
785 1386 1083 1450 ἐπιβατεύων
1124 1388 1209 1435 τοῦ
1250 1385 1462 1451 Εὕηνίου
1505 1385 1771 1449 οὐνόματος

132 1463 427 1524 ἐξελάμβανε
459 1462 562 1509 ἐπὶ
593 1460 693 1525 τὴν
717 1460 925 1510 Ἑλλάδα
956 1461 1073 1526 ἔργα
1107 1458 1348 1532 ”operam
1387 1478 1534 1512 suam
1572 1460 1652 1529 (in
1679 1478 1769 1512 va-

132 1534 422 1604 ticinando)
482 1534 678 1604 passim
734 1553 827 1605 per
887 1533 1147 1586 Graeciam
1204 1534 1457 1588 elocasse”
1515 1534 1624 1593 IX,
1677 1539 1770 1594 953

132 1609 333 1680 Krueg.
377 1608 565 1680 probat
604 1608 953 1679 conjecturam
994 1608 1200 1662 Reiskii
1248 1607 1400 1661 ἐπιών
1445 1609 1770 1682 suspicantis.

286 1708 347 1776 ol)
394 1706 478 1759 De
519 1707 821 1760 condicione
862 1727 920 1761 ac
961 1718 1122 1769 stam,
1164 1709 1217 1761 in
1245 1728 1403 1781 quem
1430 1710 1549 1782 quis
1574 1709 1773 1768 incidit,

133 1782 378 1836 inusitate
419 1781 609 1834 dicitur
658 1786 738 1833 ἐπί
777 1801 871 1854 pro
912 1787 960 1842 ἐς
1000 1782 1127 1844 VII,
1171 1789 1265 1838 88:
1311 1788 1410 1836 ἐπὶ
1454 1784 1774 1852 συμφορήν

134 1863 326 1911 ἐνέπεσε
359 1858 671 1924 α’νεθέλητον.

283 1956 331 2028 e)
374 1953 838 2015 Quemadmodum
887 1957 1191 2012 Herodotus
1240 1960 1290 2019 I,
1334 1960 1436 2012 171
1491 1959 1642 2013 dicit:
1693 1962 1775 2010 ἐπὶ

131 2035 217 2091 τὰς
250 2035 464 2089 ἀσπίδας
495 2035 552 2082 τά
589 2037 765 2098 σημήϊα
796 2041 1059 2085 ποιέεσθαι
1092 2044 1145 2086 et
1183 2034 1364 2094 Simil.‚
1414 2034 1488 2086 Sic
1527 2036 1774 2087 translate

132 2108 345 2179 ponitur
385 2111 467 2158 ἐπί
505 2107 557 2159 in
599 2108 899 2179 hujusmodi
940 2109 1311 2162 locutionibus:

282 2185 364 2232 ἐπὶ
396 2186 514 2236 νόον
546 2189 732 2234 ποιέειν
763 2191 859 2235 τινί
906 2186 956 2244 Ι,
1000 2186 1085 2236 27.
1132 2185 1217 2236 71.
1269 2184 1304 2236 i.
1344 2203 1388 2236 e.
1439 2184 1492 2236 in
1539 2183 1773 2236 animum

131 2257 376 2311 inducere
417 2259 595 2319 alieui3
637 2269 690 2312 et
729 2259 912 2312 eadem
954 2261 1063 2312 fere
1111 2258 1488 2331 significatione
1535 2262 1617 2311 ἐπὶ
1658 2262 1773 2312 νόον

131 2336 333 2401 τράπειν
364 2340 459 2386 τινί
497 2336 599 2395 ΙΠ,
644 2339 730 2387 21.
812 2334 948 2388 Vide
989 2334 1188 2406 Krueg.
1229 2335 1296 2388 ad
1334 2336 1389 2394 I,
1433 2339 1520 2388 29.

267 2432 338 2504 f)
381 2432 466 2485 Ex
513 2452 611 2485 usu
660 2434 936 2504 temporali
983 2453 1288 2487 moneamus
1328 2435 1393 2487 de
1433 2435 1655 2488 formula
1694 2439 1776 2486 ἐπὶ

129 2511 307 2575 χρόνον
339 2509 387 2567 Ι,
434 2512 557 2561 116.
598 2506 708 2568 ΙΧ,
751 2514 822 2563 22
843 2512 909 2577 ¹).

272 2598 410 2647 Ὑπό.
468 2597 531 2651 In
570 2607 670 2648 u'su
710 2596 866 2667 hujus
906 2596 1290 2667 praepositionis
1318 2596 1516 2650 recedit
1541 2598 1776 2651 nonnihil

129 2671 196 2723 ab
237 2670 537 2723 Atticorum
577 2689 817 2724 sermone
858 2669 1174 2724 Herodotus.
1256 2670 1395 2724 Nam

240 2808 266 2856 ¹)
295 2809 478 2844 Varietas
508 2813 707 2845 structurae
731 2809 900 2845 notanda
927 2812 988 2844 est
1013 2808 1053 2844 in
1082 2807 1157 2849 IX,
1186 2806 1256 2845 47:
1287 2805 1417 2846 ὀπίσω
1436 2804 1506 2857 ἦγε
1527 2807 1614 2850 τούς
1632 2813 1775 2861 Σπαρ-

131 2872 260 2919 τιήτας
286 2870 365 2909 ἐπὶ
396 2868 445 2909 τό
477 2870 650 2915 δεξιόν
676 2872 796 2924 κέρα
812 2884 850 2916 ς,
882 2870 938 2912 ὤς
964 2871 1003 2909 δ’
1031 2871 1160 2912 αὕτως
1186 2869 1254 2909 καὶ
1282 2870 1304 2909 ό
1336 2870 1570 2924 Μαρδόνιος
1596 2871 1675 2910 ἐπὶ
1705 2873 1778 2911 τοῦ

131 2932 402 2983 ῠῦωνύμου.
433 2937 507 2972 Cfr.
538 2936 619 2978 11‚-
639 2936 721 2972 121.
750 2938 793 2972 4:
821 2934 968 2976 άσκούς·
994 2937 1192 2973 ἐπιθεῖναι
1219 2934 1299 2973 ἔπὶ
1325 2937 1419 2974 τῶν
1446 2936 1597 2985 ὄνους
1634 2938 1674 2976 in
1702 2938 1777 2977 fine

128 3010 215 3036 voro
245 2999 446 3037 sectionis:
476 2998 666 3038 ἐπιθέντα
695 2997 766 3038 τόν
793 2999 913 3041 νέκυν
940 2997 1022 3040 ἐπὶ
1050 2998 1164 3042 τούς
1190 2999 1348 3043 ὅνους.
