1881 3663
124 1016 227 1095 Ad
283 1041 563 1096 dialectum
617 1042 849 1097 Ionicam
907 1043 1247 1097 recentiorem
1304 1042 1512 1114 penitus
1568 1061 1756 1113 cogno-

126 1118 372 1170 scendam
428 1118 560 1171 nihil
618 1119 782 1190 pluris
829 1120 1077 1172 interesse
1126 1137 1284 1191 quam
1323 1120 1543 1170 formam
1584 1117 1756 1171 Hero-

127 1192 268 1245 dotei
325 1193 576 1247 sermonis
619 1204 948 1266 perspectam
987 1194 1199 1254 habere,
1239 1194 1373 1246 inter
1411 1211 1591 1246 omnes
1631 1212 1755 1246 con-

124 1276 242 1319 stat.
321 1266 482 1340 Cujus
542 1269 670 1340 quid
728 1280 867 1322 esset
905 1270 1201 1341 proprium,
1242 1269 1371 1340 quid
1412 1287 1533 1320 cum
1572 1268 1757 1319 ceteris

126 1342 360 1396 dialectis
408 1362 705 1405 commune,
746 1345 1023 1416 quominus
1062 1354 1299 1398 accurate
1338 1343 1595 1415 explorari
1634 1361 1757 1414 pos-

124 1426 205 1470 set
220 1456 232 1477 ,
271 1417 452 1471 multae
491 1437 572 1472 res
612 1418 990 1491 impedimento
1029 1420 1239 1473 fuerunt
1278 1428 1331 1472 et
1370 1419 1599 1472 maxime
1638 1418 1758 1490 qui-

61 1515 64 1518 ·
128 1493 250 1544 dem
289 1492 526 1545 codicum
557 1493 790 1564 ipsorum
817 1495 1096 1566 depravata
1123 1493 1369 1547 condicio,
1434 1492 1570 1551 Quae
1595 1512 1759 1563 quum

127 1566 184 1619 in
232 1566 358 1637 ipsis
403 1567 583 1621 formis
624 1568 897 1622 verborum
937 1568 1241 1622 exhibendis
1281 1568 1542 1638 praecipue
1582 1585 1760 1621 cerne-

131 1649 296 1701 retur,
357 1659 640 1713 earumque
698 1643 992 1696 emendatio
1050 1642 1291 1699 maximis
1331 1641 1584 1714 impedita
1623 1649 1762 1694 esset

130 1715 541 1776 difficultatibus,
581 1717 666 1770 vix
724 1719 1001 1790 quisquam
1049 1719 1279 1777 miretur,
1321 1737 1485 1788 quum
1523 1713 1760 1787 pleriq'ue

134 1791 202 1843 ad
261 1790 392 1844 hanc
445 1793 797 1862 grammaticae
861 1791 1178 1847 Herodoteae
1237 1803 1444 1864 partem
1505 1791 1759 1844 constitu-

131 1865 319 1918 endam
376 1865 641 1936 ingenium
699 1875 753 1918 et
806 1866 1095 1919 doctrinam
1148 1866 1410 1938 praecipue
1457 1866 1762 1924 conferrent,

130 1939 326 1993 factum
384 1958 520 1999 esse.
579 1949 637 1994 ut
694 1940 930 2014 reliquae,
987 1960 1108 2014 quae
1169 1941 1376 2015 syntaxi
1434 1940 1765 1995 continentur

139 2024 337 2086 parteS‚
393 2016 437 2067 si
496 2034 600 2068 non
659 2017 812 2088 plane
843 2018 1099 2088 jacerent,
1138 2027 1194 2070 at
1233 2017 1431 2068 minore
1472 2025 1610 2068 certe
1648 2025 1762 2067 stu-

132 2090 219 2143 dio
284 2099 640 2144 tractarentur.
736 2091 984 2145 Attamen
1010 2092 1141 2145 ”hoc
1200 2109 1406 2163 quoque
1464 2091 1520 2143 in
1577 2108 1763 2162 genere

133 2183 291 2236 quam
344 2165 597 2218 rationem
638 2164 939 2220 Herodotus
974 2176 1186 2221 >secutus
1225 2168 1293 2220 sit
1332 2183 1435 2236 quo
1475 2165 1765 2218 accuratius

131 2247 461 2310 perspectum
532 2240 654 2299 erit,
713 2259 773 2292 eo
830 2240 949 2311 plus
1007 2242 1119 2294 sine
1177 2241 1336 2294 dubio
1395 2239 1642 2292 afferetur
1699 2240 1766 2292 ad

133 2333 255 2367 eum
315 2312 698 2367 emendandum
756 2313 1004 2384 praesidii.
1061 2346 1136 2355 -—
1187 2315 1267 2367 Ac
1326 2315 1560 2385 profecto
1602 2333 1767 2385 quum

133 2388 188 2441 in
244 2388 359 2442 aliis
418 2387 754 2460 scriptoribus
811 2388 866 2442 id
913 2398 1148 2443 constare
1186 2389 1419 2443 viderem
1457 2407 1562 2442 non
1600 2406 1767 2460 pauca

139 2482 228 2516 eos
273 2463 481 2535 propria
528 2472 705 2535 atque.
733 2462 1009 2535 singularia
1046 2465 1114 2517 ad
1151 2483 1313 2536 genus
1353 2464 1559 2517 dicendi
1597 2464 1771 2535 cujus-

145 2557 247 2612 que
294 2539 625 2594 accomodata
681 2538 736 2592 in
774 2557 871 2593 usu
910 2538 1126 2600 articuli,
1165 2537 1592 2611 praepositionum
1632 2548 1772 2593 cete-

146 2633 425 2687 rarumque
505 2614 871 2687 particularum
933 2614 1192 2686 praebere,
1260 2632 1424 2685 eaque
1472 2623 1532 2667 ut
1589 2614 1773 2685 exqui-

152 2701 326 2744 rerent
383 2699 436 2744 et
488 2699 918 2761 persequerentur
975 2708 1234 2743 summam
1281 2708 1493 2759 operam
1531 2698 1586 2742 et
1621 2688 1778 2742 indu-

150 2764 330 2818 striam
394 2764 709 2836 impendisse
762 2764 899 2817 viros
956 2763 1306 2824 doctissimos,
1362 2781 1468 2815 non
1522 2761 1780 2824 dubitavi.

153 2840 280 2911 quin
325 2840 739 2911 disquisitionem
776 2838 963 2890 harum
1002 2838 1301 2891 vocularum
1339 2856 1464 2891 usus
1503 2838 1585 2890 vel
1624 2856 1778 2890 accu-

152 2914 469 2969 ratissimam
525 2914 807 2987 requireret
862 2912 1025 2965 oratio
1084 2911 1408 2973 Herodotea‚
1468 2928 1586 2984 quae
1644 2911 1781 2965 inter

148 3009 441 3056 sermonem
502 2990 786 3063 Epicorum
826 2997 878 3040 et
916 2986 1213 3041 Atticorum
1251 2987 1486 3040 medium
1526 2986 1779 3057 quiddam

146 3073 325 3119 tenere
362 3064 581 3127 videtur,
621 3066 869 3138 cujusque
906 3062 1231 3124 varietatem,
1270 3071 1331 3116 ut
1368 3080 1575 3116 summo
1614 3061 1779 3116 artifi-

149 3138 229 3192 cio
268 3138 532 3201 effectam,
572 3149 773 3194 veteres
811 3157 916 3192 non
953 3137 1227 3191 minimam
1263 3136 1531 3209 scriptoris
1571 3136 1781 3191 laudem
