1881 3663
892 189 962 240 39

256 320 310 379 γ)
343 315 436 379 δήε
465 315 585 379 μετὰ
617 315 676 381 δὴ
707 316 958 379 βουλεύεαι
995 312 1115 373 VH,
1160 318 1246 366 12.

260 403 312 468 δ)
344 408 433 468 μέν
472 411 524 456 et
562 405 619 453 δέ
653 402 800 473 (cum
839 402 921 456 his
960 401 1226 472 particulis
1266 401 1531 473 anaphora
1565 399 1739 454 locum

111 474 317 548 habet).
357 478 479 530 κατὰ
508 484 604 543 μὲν
633 482 836 544 φαγέειν
866 508 942 517 —-
973 478 1098 528 nard
1130 480 1187 528 δέ
1213 477 1290 537 Π,
1322 481 1445 529 141.
1495 498 1619 529 κατα
1649 481 1741 541 μὲν

108 553 281 604 ἔκτεινε
311 584 385 593 --
416 554 540 604 κατὰ
572 556 628 603 δέ
663 554 767 610 ΠΙ,
811 557 936 605 126.
1016 554 1136 603 κατὰ
1169 560 1258 616 μὲν
1288 555 1466 619 ἔσυραν
1506 583 1581 591 -
1614 571 1740 600 κατα

107 628 164 676 δέ
191 624 256 687 V,
297 631 384 681 81.
443 629 568 680 κατὰ
597 633 686 691 μὲν
716 630 929 680 ἔκαυσαν
960 660 1035 668 --
1066 649 1189 679 κατα
1221 631 1278 678 δέ
1305 626 1458 687 VIII,
1488 630 1575 680 33.
1616 626 1741 677 κατὰ

107 706 197 766 μὲν
226 703 517 755 ἔλευσαν-
533 723 655 753 κατα
686 704 744 753 δέ
770 701 880 764 IX,
915 707 963 756 5.
1002 734 1078 743 -
1116 703 1217 754 α’πό
1247 708 1338 767 μὲν
1368 703 1525 755 ἔθανε
1541 732 1615 740 -
1636 701 1740 752 ἀπὸ

108 778 165 825 δέ
200 775 353 835 Vm,
394 781 481 829 89.
532 807 607 816 —
658 775 781 828 Sine
838 777 944 828 ulla
982 788 1162 848 aperta
1194 778 1459 847 anaphora
1496 776 1743 827 inseritur

110 853 167 903 δέ
201 849 301 911 VI,
343 855 472 905 114:
511 854 566 904 ἓν
595 854 743 920 τούτῳ
774 855 843 919 τῷ
873 853 1011 919 πόνῳ
1043 852 1070 904 ὁ
1102 856 1403 919 πολέμαρχος
1433 852 1744 915 Καλλίμαχος

109 929 475 993 διαφθείρεται,
520 928 645 994 ἀνὴρ
684 929 939 990 γενόμενος
965 927 1186 989 α’γαθὸς,
1230 927 1350 977 dud
1383 930 1427 977 δ’
1460 929 1616 977 ἔθανε
1646 930 1744 976 τῶν

110 1007 380 1068 στρατηγῶν
409 1006 669 1069 Στησίλεως
698 1004 726 1054 ὅ
761 1005 1037 1069 Θρασύλεω.

260 1090 311 1159 ὂ)
354 1087 579 1143 Restant
627 1090 730 1143 duo
778 1099 918 1144 certa
966 1089 1203 1161 exempla
1218 1129 1231 1151 ‚
1286 1089 1376 1142 ubi
1434 1087 1741 1161 pronomina

111 1164 414 1234 interposita
461 1175 608 1223 sunt,
666 1182 828 1216 unum
866 1166 941 1223 H,
984 1169 1115 1217 181:
1170 1168 1293 1214 κατά
1331 1185 1391 1229 με
1432 1169 1743 1231 ἓφάρμαξαςς

111 1237 332 1291 alterum
369 1238 471 1299 HI,
513 1241 606 1291 36:
645 1238 762 1289 ἀπὸ
792 1245 899 1304 μὲν
931 1239 1188 1291 σεωυτὸν
1222 1241 1446 1298 ὤλεσας
1477 1244 1558 1305 τῆς
1589 1254 1740 1288 σεωυ-

111 1317 196 1363 τοῦ
225 1316 455 1380 πατρίδος
487 1317 644 1371 κακῶς
673 1314 913 1380 ὴροστοὶς,
948 1315 1067 1364 α’πὸ
1099 1317 1161 1364 δὲ
1194 1316 1418 1373 ὤλεσας
1450 1318 1613 1381 Κῦρον
1629 1333 1741 1363 πει-

115 1390 329 1453 θόμενον
360 1403 452 1440 σοι.
529 1388 615 1441 Ad
655 1406 715 1441 ea
752 1386 1101 1460 adjiciendum
1141 1407 1328 1443 censeo
1365 1389 1466 1449 m,
1498 1392 1591 1441 50:
1632 1394 1744 1454 περὶ

112 1468 261 1532 θυμῷ·
291 1459 535 1529 ἐχόμενος,
571 1463 636 1515 de
674 1481 777 1534 quo
817 1463 934 1516 vide
972 1481 1088 1535 pag.
1119 1467 1206 1515 26.
1236 1496 1295 1502 -
1336 1463 1514 1515 Etiam
1542 1463 1597 1514 in
1622 1462 1741 1521 VH,

116 1543 225 1590 164
263 1539 403 1591 haud
441 1539 546 1591 scio
584 1556 651 1589 an
691 1538 960 1590 retinenda
998 1538 1068 1590 sit
1104 1538 1360 1608 scriptura
1398 1537 1745 1608 plurimorum

114 1612 373 1665 codicum:
421 1613 522 1663 ἀπὸ
553 1614 715 1663 πάντα
745 1613 806 1662 τὰ
836 1615 1052 1679 χρήματα
1084 1614 1235 1674 ἄγων.
1289 1611 1539 1682 Plerique
1566 1620 1744 1664 tamen

115 1685 338 1740 editores
386 1685 591 1759 (Dind.‚
641 1684 865 1758 Krueg.‚
914 1685 1171 1747 Dietsch„
1223 1686 1461 1757 Abicht.)
1505 1683 1743 1739 Schaefe-

115 1779 232 1885 {lm
285 1761 450 1815 secuti
508 1765 707 1813 ἅπαντα
760 1760 1008 1814 scribunt.
1096 1762 1198 1813 ἆπό
1246 1781 1366 1814 vero
1417 1760 1746 1814 retinuerunt

166 1835 290 1888 aehr.
330 1844 383 1888 et
423 1834 585 1889 Stein.
