1881 3663
914 179 946 228 8

119 302 434 375 Simpliciter
511 299 735 373 denique
807 300 1065 354 indicatur
1138 318 1533 373 nonnumquam
1597 300 1749 355 ordo:

117 383 283 444 τιμιὸσι
331 382 382 428 ἐκ
424 380 624 428 πάντων
675 378 785 436 τοὺς
819 381 1021 442 ἄγχιστα
1054 377 1244 428 ἑωυτῶν
1276 380 1518 436 οῑκέοντας
1547 380 1667 443 μετά
1696 397 1751 439 γε

117 453 335 512 ἑωυτοὺς,
388 454 582 520 δεύτερα
631 455 684 503 δὲ
730 453 838 513 τούς
889 456 1150 520 δευτέρους,
1183 453 1326 518 μετὰ
1359 455 1420 503 δὲ
1452 455 1575 504 κατὰ
1608 456 1752 516 λόγον

119 535 465 598 προβαίνοντες
497 533 669 593 τιμῶσι
708 528 751 588 Ι,
796 532 919 581 134.
999 527 1106 581 Cfr.
1147 527 1258 588 IX,
1301 532 1387 581 98.

269 614 534 675 Quoniam
575 622 656 668 ἐπὶ
689 621 742 667 δὲ
774 626 827 668 et
864 638 1006 681 μετα
1039 620 1099 667 δέ
1134 617 1317 668 eodem
1349 615 1457 668 fere
1496 616 1653 667 modo
1681 615 1749 667 ad

116 692 354 747 ordinem
394 691 792 766 significandum
832 702 1161 765 usurpantur,
1188 690 1249 745 fit
1274 700 1333 745 ut
1358 708 1751 763 nonnumquam

117 771 172 822 in
230 769 361 822 serie
418 788 591 821 rerum
652 769 956 840 exponenda
1018 777 1235 840 utraque
1293 766 1482 820 locutio
1523 764 1754 821 variandi

120 863 273 898 causa
330 854 573 915 ponatur.
621 845 669 896 οἳ
710 847 764 895 δὲ
795 849 936 896 πέντε
969 844 1154 906 αγῶνες
1185 846 1285 895 οἵδε
1316 843 1536 905 ἓγένοντὸ
1567 843 1632 900 εἷς
1662 847 1752 905 μὲν

119 927 204 970 καὶ
236 924 423 985 πρῶτος
455 919 591 978 οὗτος
623 941 649 970 ο
682 922 736 971 ἐν
769 923 1054 989 Πλαταιῇσι,
1092 923 1188 969 ἔπι
1221 921 1253 968 δ
1261 925 1283 969 ὲ
1315 919 1341 969 ὅ
1372 921 1426 969 ἐν
1461 922 1606 988 Τεγέῃ
1630 917 1751 984 πρὸς

123 998 354 1059 Τεγεήτας
394 1016 442 1044 τε
474 1000 558 1044 καί
584 996 823 1059 Ἀργείους
852 999 1132 1057 γενόμενος,
1164 993 1303 1057 μετ-οὲ
1336 995 1394 1043 δὲ
1425 993 1452 1043 ὅ
1484 996 1537 1052 ἐν
1569 999 1749 1043 Διπαι-

118 1075 221 1120 εῦσι
268 1069 389 1134 πρὸς
431 1071 670 1136 Ἀρκάδας
719 1072 905 1128 πάντας
952 1071 1079 1135 πλὴν
1129 1072 1447 1126 Μαντινέων,
1501 1071 1596 1119 ἐπὶ
1628 1071 1660 1119 δ
1668 1072 1699 1118 ἕ
1722 1067 1750 1118 ὅ

118 1150 407 1211 Μεσσηνίων
455 1145 482 1195 ὃ
533 1145 653 1211 πρὸς
695 1143 874 1215 Ἰθώμῃ
921 1165 963 1194 κ.
995 1165 1034 1194 τ.
1067 1147 1110 1193 λ.
1149 1142 1260 1203 IX,
1303 1147 1389 1195 35.
1468 1141 1576 1195 Cfr.
1617 1140 1751 1202 VII,

124 1225 207 1272 55.
287 1217 445 1279 VIII,
489 1220 573 1272 67.

272 1380 374 1455 Β).
464 1380 671 1435 Omisso
713 1383 856 1434 verbo
906 1386 1047 1433 εἶναι.

273 1479 407 1532 Haec
447 1480 687 1551 exempla
726 1480 992 1533 annotavi:

273 1566 325 1638 a)
376 1570 467 1619 ἔνι
507 1568 665 1620 etiam
704 1569 845 1638 apud
885 1568 1091 1621 Atticos
1131 1568 1204 1620 ita
1243 1576 1553 1638 usurpatum
1593 1586 1658 1619 ne
1697 1584 1754 1618 a-

121 1642 230 1711 pud
276 1640 608 1694 Herodotum
656 1642 869 1712 quidem
908 1660 1024 1694 raro
1065 1661 1163 1695 usu
1203 1641 1357 1694 venit.
1436 1643 1636 1705 ἄγαλμα
1669 1640 1756 1692 οὐκ

121 1717 208 1766 ἔνι
262 1716 404 1767 οὐδὲν
454 1716 630 1767 αὐτόθι
672 1719 984 1782 ἐνιδρυμένον
1028 1716 1081 1775 I,
1125 1720 1249 1768 181.
1327 1719 1381 1767 ἐν
1423 1717 1481 1782 δὴ
1515 1716 1584 1767 ὦν
1615 1718 1754 1787 ταύτῃ

121 1794 177 1861 τῇ
208 1793 336 1859 νήσῳ
369 1792 482 1857 νηὸς
507 1791 814 1850 ’Λπόλλωνος
845 1796 993 1855 μέγας
1025 1793 1117 1844 ε”νι
1142 1789 1216 1851 II,
1247 1794 1370 1843 156.
1423 1789 1527 1844 Cfr.
1555 1790 1598 1850 I,
1629 1795 1751 1844 183.

124 1866 248 1917 207.
325 1865 408 1925 Π,
451 1870 536 1918 91.
582 1870 703 1919 138.
750 1870 872 1918 155.
941 1865 1055 1926 III,
1097 1870 1183 1919 80.
1227 1869 1313 1919 81.
1370 1864 1464 1928 IV,
1509 1867 1631 1920 178.
1688 1865 1753 1927 V,

125 1943 210 1992 31.
288 1939 418 2001 VII,
463 1946 586 1994 112.
665 1940 832 2001 VIII,
877 1947 961 1993 55.

274 2037 420 2091 Usus
465 2057 584 2092 vero
623 2039 784 2099 illius,
825 2058 927 2111 quo
968 2041 1040 2091 ἔνι
1078 2038 1493 2109 impersonaliter
1529 2040 1754 2111 ponitur,

124 2114 263 2184 apud
302 2111 631 2165 Herodotum
670 2114 872 2166 nullum
912 2113 1083 2166 inveni
1122 2117 1421 2184 exemplum
1440 2113 1499 2185 ¹).

273 2200 325 2270 b)
382 2206 554 2265 μέταε
600 2205 805 2254 τούτοισι
852 2209 941 2266 μὲν
992 2205 1050 2268 δὴ
1098 2207 1304 2266 μέτεστι,
1358 2205 1466 2253 ὅσοι
1517 2205 1571 2252 δὲ
1602 2206 1757 2263 ἐόντες

123 2278 273 2326 ἄλλου
305 2277 478 2334 ἔθνεος
510 2278 809 2340 ὁμόγλωσσοι
840 2288 960 2328 τοῖσι
996 2283 1150 2341 Καρσὶ
1182 2280 1424 2340 ἐγένοντο,
1467 2279 1670 2330 τούτοισι
1702 2281 1756 2330 δὲ

125 2351 182 2402 οὗ
211 2356 351 2416 μέτα
389 2350 431 2411 I,
477 2352 599 2405 171.
666 2351 774 2406 Cfr.
817 2352 859 2413 I,
902 2356 990 2406 88.
1035 2357 1157 2405 146.
1220 2351 1284 2412 V,
1329 2357 1414 2405 61.
1473 2351 1595 2413 VII,
1630 2355 1753 2407 157.

274 2438 319 2509 c)
375 2442 560 2507 πάραε
608 2444 709 2493 οὔτι
756 2462 851 2508 γαρ
900 2451 1027 2500 οττος
1074 2444 1210 2506 πάρα
1252 2446 1388 2506 σφίσι
1439 2444 1493 2492 ἓν
1539 2445 1595 2507 τῆ
1626 2444 1754 2509 νήσῳ

121 2517 261 2585 ταύτῃ
293 2516 470 2566 οὕτεκ.
504 2538 543 2566 τ.
576 2519 620 2567 λ.
659 2515 821 2575 VIII,
865 2520 959 2575 68,
1004 2522 1052 2567 2.
1133 2514 1239 2568 Cfr.
1278 2514 1330 2574 I,
1373 2520 1459 2567 42.
1519 2514 1583 2575 V,
1630 2521 1752 2569 106.

122 2586 255 2647 VII,
298 2594 383 2641 12.
464 2589 651 2660 (Stein.
701 2591 787 2643 hie
827 2593 964 2656 πάρα
996 2609 1091 2662 pro
1132 2594 1331 2657 πάρειμι
1371 2590 1569 2643 dictum
1608 2590 1755 2662 vult).

272 2674 597 2731 Monendum
655 2679 878 2750 denique
925 2697 1037 2732 esse
1076 2678 1280 2732 videtur
1318 2678 1597 2764 plurimam
1634 2698 1756 2750 par-

122 2762 230 2804 tem
284 2753 643 2824 exemplorum
701 2754 798 2807 sub
835 2760 956 2819 μέτα
995 2763 1049 2807 et.
1088 2758 1224 2819 πάρα
1262 2753 1585 2806 allatorum
1571 2772 1624 2807 ln
1650 2773 1755 2809 ne-

121 2826 304 2895 gativis
362 2828 633 2882 sententiis
678 2829 928 2883 inveniri.
992 2829 1318 2900 Excipienda
1356 2837 1479 2882 sunt
1518 2830 1757 2902 exempla

122 2900 253 2962 VII,
298 2904 406 2955 157
447 2913 501 2957 et
539 2902 604 2965 V,
647 2908 770 2957 106.

235 3038 260 3085 ¹)
287 3037 418 3077 Minus
445 3045 618 3081 accurate
644 3042 814 3091 praeoipit
836 3043 884 3081 de
910 3041 984 3080 hac
1010 3051 1051 3078 re
1077 3040 1223 3090 Kruog.
1252 3042 1277 3080 l.
1307 3054 1338 3080 ο.
1367 3042 1421 3086 11,
1450 3044 1485 3091 §-
1513 3041 1576 3085 68,
1607 3042 1644 3086 2,
1670 3042 1713 3099 7.ν
