1881 3663
897 264 966 312 29

125 383 301 443 16,-1.
348 412 424 422 —
470 385 663 437 ἔκτισαν
703 386 757 436 δὲ
795 385 970 451 ταύτην
1008 385 1094 451 τὴν
1141 387 1286 438 πόλιν
1334 386 1481 454 πρὸς
1521 385 1749 454 ἀνδρός

122 454 608 527 Ποσειδωνιήτεω
638 463 945 525 μαθόντες
979 461 1041 518 ὥς
1071 480 1113 510 κ.
1146 480 1185 511 τ.
1208 465 1250 511 λ.
1288 464 1328 523 Ι,
1354 464 1476 514 167.
1536 460 1644 514 Cfr.
1675 461 1745 514 ib.

127 534 212 587 78.
273 534 364 584 ὅτι
401 542 490 600 μὲν
531 539 820 601 βουλόμενος
853 539 1151 600 ἐκμαθεῖν
1183 537 1321 602 πρὸς
1352 542 1466 588 τῶν
1497 553 1743 603 χρηστη-

124 613 267 675 ρίων
316 615 465 663 ταῦτα
511 614 793 671 ἐνετέλλετο,
847 611 933 664 ούκ
976 613 1067 677 ἔχω
1100 614 1285 679 φράσαι
1323 610 1465 673 VHI,
1508 615 1631 665 133.
1670 643 1746 652 -—

120 687 478 749 πυθόμενος
526 689 671 755 πρὸς
720 692 832 740 τῶν
883 688 1155 749 ἀγγέλων
1198 684 1262 747 V,
1306 689 1389 740 73.
1468 685 1574 739 Cfr.
1614 685 1741 748 VH,

121 763 245 812 226.
306 758 454 822 VHI,
498 763 583 815 5¹7.
641 761 750 824 IX,
794 766 879 816 58.
918 793 995 802 —
1032 765 1146 813 τάδε
1178 767 1314 813 ἴστω
1348 769 1432 811 καὶ
1464 763 1491 813 ὁ
1520 763 1585 828 μὴ
1617 765 1741 812 ἐπα-

118 837 293 893 κούσας
322 836 480 899 ὑμέων
511 838 658 903 πρὸς
688 841 793 889 τού
822 840 1268 895 ἐπακούσαντος
1305 835 1405 896 ΙΧ,
1447 839 1535 888 98.

269 939 421 988 ἐδέετο
461 941 546 989 τοῦ
576 940 727 1004 δήμου
759 941 976 1005 φυλακῆς
1005 939 1135 997 τινὸς
1166 938 1320 1004 πρὸς
1352 937 1531 987 αὑτοῦ
1562 943 1741 1003 κυρῆ-

117 1023 216 1062 σάι
247 1012 287 1071 Ι,
319 1016 402 1064 59.
459 1014 651 1080 ἀτιμίης,
689 1014 835 1080 πρὸς
866 1013 1060 1079 ὑμέων
1092 1016 1350 1080 κυρήσας
1381 1011 1470 1063 ούκ
1502 1012 1740 1076 ὁμοιώσο-

112 1106 204 1150 μαι
243 1086 357 1152 ὑμῖν
401 1084 516 1148 VII,
547 1092 680 1158 158.»
709 1118 785 1128 —
821 1091 961 1154 τιμάς
991 1090 1139 1158 πρὸς
1170 1094 1262 1139 σέο
1292 1089 1506 1153 μεγάλας
1535 1090 1742 1151 ἔχομεν

115 1161 154 1222 Ι,
198 1165 320 1216 120.
403 1162 546 1223 αὗται
591 1169 681 1231 μὲν
728 1166 786 1231 δὴ
833 1168 1006 1233 ταύτην
1052 1166 1137 1232 τὴν
1184 1164 1322 1231 τιμὴν
1360 1166 1556 1228 ἔχουσι
1594 1164 1741 1229 πρὸς

114 1242 229 1289 τῶν
268 1241 460 1305 Δήλου
496 1243 827 1307 οἰκητόρων
863 1240 973 1302 IV,
998 1244 1082 1293 34.
1162 1243 1370 1305 δύναμιν
1401 1240 1550 1306 πρὸς
1581 1240 1739 1291 θεῶν

114 1314 144 1363 ἔ
146 1334 233 1376 χει
278 1315 364 1366 τὸν
411 1315 666 1367 ἀδικέοντα
714 1322 942 1369 σίνεσθαι
987 1315 1088 1376 IX,
1130 1320 1251 1369 120.
1290 1347 1367 1355 —-
1404 1309 1660 1366 κατελθών
1691 1317 1742 1373 ἐς

111 1391 256 1441 πόλιν
292 1390 413 1457 πρὸς
461 1391 545 1442 τὸν
576 1395 762 1459 πατέρα
795 1392 1088 1449 ἀποικτίζετο
1119 1396 1216 1443 τῶν
1247 1391 1341 1443 ὑπὸ
1373 1393 1532 1459 Κύρου
1562 1393 1699 1458 ἧντη
1722 1422 1737 1429 -

113 1480 197 1524 σε,
241 1468 395 1528 λέγων
436 1471 490 1519 δὲ
528 1467 586 1518 ού
625 1469 807 1534 Κύρου,
843 1469 973 1518 ἀλλά
1004 1467 1154 1533 πρὸς
1184 1471 1286 1517 τοῦ
1316 1470 1612 1531 βουκόλου
1642 1471 1741 1517 τοῦ

116 1539 435 1602 Ἀστυάγεω
468 1544 689 1600 παιδός
718 1542 758 1600 Ι,
790 1546 925 1595 114..
954 1573 1031 1581 —
1070 1544 1327 1593 ἔπαινον
1357 1545 1478 1604 εἶχε
1511 1542 1598 1593 οὑκ
1631 1541 1738 1592 ὀλί-

111 1635 202 1677 γον
233 1617 376 1683 πρὸς
406 1621 517 1667 τῶν
547 1620 844 1669 πολιτέων
874 1618 915 1677 Ι,
947 1622 1034 1669 96.
1102 1619 1358 1668 ἔπαινον
1390 1622 1540 1677 ἕξεις
1571 1621 1738 1682 πρῶτα

110 1697 199 1755 μὲν
230 1692 347 1743 ὑπὸ
376 1695 573 1745 πάντων
603 1697 951 1760 Σπαρτιητέων,
987 1692 1120 1751 αὖτις
1147 1695 1201 1742 δὲ
1216 1699 1300 1742 καὶ
1331 1693 1485 1759 πρὸς
1514 1697 1623 1744 τῶν
1639 1694 1734 1742 ἄλ-

114 1770 213 1820 λων
247 1767 495 1834 Ἑλλήνων
531 1767 631 1828 ΙΧ,
664 1771 748 1822 78.
787 1799 863 1808 —-
902 1775 987 1821 ἵνα
1022 1768 1259 1834 ἀσεβήσας
1291 1775 1402 1835 περὶ
1431 1769 1493 1818 τοὶ
1524 1770 1608 1835 ἱροὶ
1641 1788 1733 1818 κα-

111 1846 197 1894 κόν
238 1863 282 1893 τι
320 1844 467 1910 πρὸς
506 1848 673 1895 θεῶν
714 1844 922 1910 ἢπρός
955 1844 1292 1910 ἀνθρώπων
1324 1846 1468 1907 λάβοι
1508 1845 1575 1904 Π,
1612 1846 1735 1895 139.

109 1917 256 1986 πρὸς
285 1924 543 1986 Δαρείου
576 1921 930 1988 κινδυνεύσουσι
960 1921 1113 1970 κακόν
1143 1939 1188 1969 τι
1220 1921 1412 1982 λαβέειν
1450 1916 1541 1979 VI,
1582 1923 1632 1970 9.

257 2019 314 2088 β)
373 2016 475 2072 His
534 2018 782 2090 proximis
840 2017 1093 2090 exemplis
1144 2036 1205 2071 ea
1244 2027 1367 2071 sunt
1403 2016 1601 2078 affinia,
1641 2016 1733 2070 ubi

105 2097 226 2160 πρός
281 2093 559 2146 adhibetur
615 2113 710 2165 pro
766 2094 878 2152 ὑπό,
919 2103 1038 2164 post
1084 2092 1241 2146 verba
1278 2092 1501 2144 neutrali
1539 2092 1706 2144 forma
1719 2130 1732 2152 ‚

104 2168 308 2240 passiva
365 2167 416 2221 vi
468 2168 686 2228 utentia3
746 2168 891 2239 cujus
948 2186 1073 2221 usus
1139 2167 1254 2241 haec
1312 2166 1597 2220 afferantur
1636 2186 1727 2220 ex-

107 2242 300 2316 empla:

258 2331 307 2383 οἳ
353 2336 520 2381 Μυσοὶ
568 2330 642 2381 ἐπ’
691 2330 839 2382 αὑτὸν
881 2333 1159 2391 ἐξελθόντες
1190 2334 1439 2381 ποιέεσκον
1469 2336 1559 2393 μὲν
1590 2330 1733 2381 οὐδὲν

108 2407 277 2466 κακὸν,
310 2408 570 2470 ἔπασχον
616 2408 682 2457 δὲ
728 2407 869 2474 πρὸς
917 2406 1093 2457 αὑτοῦ
1139 2405 1179 2466 Ι,
1221 2407 1307 2458 36.
1385 2402 1491 2458 Cfr.
1531 2404 1600 2458 ib.
1644 2407 1729 2459 73.

104 2482 197 2542 ΙΠ,
240 2486 325 2534 65.
370 2483 455 2532 74.
502 2480 568 2541 V,
609 2485 695 2534 89.
740 2486 864 2534 109.
914 2479 1005 2540 VI,
1047 2485 1134 2532 21.
1176 2483 1263 2532 88.
1316 2478 1432 2539 VH,
1475 2482 1560 2532 35.
1605 2484 1728 2533 138.

103 2553 246 2619 Vm,
289 2559 374 2608 69.
418 2559 540 2607 143.
600 2586 675 2595 -
726 2561 1104 2624 Τριτανταίχμης
1151 2557 1332 2622 δειλίην
1380 2555 1535 2621 ὦφλε
1582 2557 1729 2623 πρὸς

107 2634 375 2695 βασιλέος
428 2627 582 2695 Vm,
639 2634 726 2683 26.
774 2662 851 2671 ·—·
902 2634 1221 2696 βασιλεύοντα
1251 2632 1303 2682 τὸ
1335 2633 1554 2696 δεύτερον
1585 2634 1729 2697 πρὸς

101 2711 213 2759 τῶν
263 2704 470 2759 ἕνδεκα
515 2707 820 2770 βασιλέων
851 2708 1220 2771 καταλαμβάνει
1250 2725 1336 2771 μιν
1369 2709 1614 2773 φεύγειν
1649 2706 1727 2767 Π,

106 2787 229 2835 152.
269 2813 345 2822 —
376 2783 636 2848 ’Ἀθηναῖοι
673 2781 830 2846 ὑμέων
868 2785 1061 2834 δέονται
1101 2787 1239 2847 σφίσι
1269 2786 1520 2849 βοηθῆσαι
1552 2790 1634 2831 καὶ
1664 2784 1728 2849 μὴ

103 2860 335 2924 περιιδεῒν
366 2860 512 2912 πόλιν
545 2858 860 2927 ἀρχαιοτάτην
891 2860 947 2910 ἓν
974 2867 1096 2909 τοῒσι
1119 2859 1306 2923 Ἕλλησι
1337 2859 1600 2928 δουλοσύνῃ
1630 2876 1724 2907 πε-

101 2937 477 3002 ριπεσοῦσαν
511 2935 658 3002 πρὸς
700 2934 938 3001 ἀνδρῶν
968 2930 1293 3000 βαρβάρων
1331 2930 1421 2992 VI,
1464 2936 1593 2991 106;
1634 2931 1753 2986 ubi-

98 3019 278 3063 tamen
294 3074 297 3075 γ
314 3009 448 3063 nihil
489 3008 678 3070 obstat,
719 3009 997 3081 quominus
1037 3026 1069 3061 a
1106 3009 1369 3078 δουλοσύνῃ
1400 3006 1726 3062 substantivo

99 3085 326 3156 pendere
363 3083 530 3159 po'ssit
566 3084 883 3159 praepositio.
899 3112 975 3124 ·—
992 3083 1053 3135 τὰ
1070 3086 1269 3135 τοιαῦτα
1288 3084 1406 3150 ἔργα
1427 3081 1489 3135 οὔ
1504 3083 1628 3153 πρὸς
1646 3088 1732 3137 τοῦ
