1881 3663
908 215 977 264 28

128 339 357 391 locorum
386 336 622 392 facienda
652 355 765 391 esse
793 336 1012 391 videtur:
1042 340 1130 389 νῦν
1162 340 1320 403 ἔστηκε
1341 335 1547 408 ἀνδριὰς
1564 338 1754 389 ἐπωνυ-

117 419 231 480 μίην
262 415 385 478 ἔχων
413 415 657 479 Ἀριστέεω
689 412 823 481 παρ’
857 412 1020 481 αὐτῷ
1049 417 1125 481 τῷ
1151 411 1454 478 α’γάλματι
1472 417 1557 465 τοῦ
1571 413 1752 464 Ἀπόλ-

119 493 271 546 amno:
315 488 417 548 IV,
461 494 547 541 15.
625 496 938 556 Βορυσθένης
978 491 1073 556 ῥέει
1113 490 1336 557 καθαρὸς
1368 489 1531 556 παρὰ
1563 485 1749 540 3⁰2⁶·-

123 576 281 632 ροῖσι
314 563 450 635 (scil.
483 569 767 634 ποταμοῖσι)
810 564 892 618 ”in
933 563 1119 619 vicinia
1158 561 1513 639 turbidorum”
1552 562 1621 616 ib.
1668 566 1753 616 53.

270 654 332 707 In
370 653 411 713 I,
440 657 569 713 120,
611 653 836 724 denique
876 653 1061 705 eodem
1101 653 1208 706 fere
1246 671 1402 705 sensu
1428 650 1617 705 dicitur
1643 671 1750 701 πα-

123 729 194 794 ρὰ
236 730 457 795 σμικροὶ
489 735 573 778 καὶ
604 733 700 779 τῶν
734 732 912 790 λογίων
943 730 1052 779 ἔνια
1085 730 1336 794 κεχώρηκε,
1377 746 1480 799 quo
1514 730 1562 785 ἒς
1594 726 1750 776 ‹363⁶-

125 809 203 863 νές
234 822 384 862 mox,
426 812 479 855 et
518 802 673 875 paulo
713 803 847 855 infra
886 806 934 862 ἐς
967 804 1201 870 φλαυρόν.

278 894 447 957 Πρός.
533 890 665 943 Cum
735 889 995 943 Genetiva
1077 889 1212 963 Quae
1270 887 1401 944 mihi
1446 888 1686 941 videntur
1723 905 1755 940 a

126 984 364 1018 sermone
426 965 738 1035 scriptorum
803 964 1101 1016 Atticorum
1159 964 1421 1022 recedere,
1476 963 1589 1016 haee
1646 962 1753 1015 fere

151 1047 266 1090 unt:

123 1058 147 1091 S
274 1110 328 1183 a)
370 1110 458 1164 Ad
497 1111 656 1163 situm
696 1110 796 1163 loci
835 1110 1059 1182 cujusvis
1097 1110 1434 1164 indicandum
1473 1109 1539 1162 ab
1579 1107 1753 1163 Hero-

123 1189 270 1248 doto,
319 1186 454 1240 sicut
491 1185 557 1238 ab
598 1185 712 1238 aliis
751 1185 1114 1257 scriptoribuS,
1155 1187 1436 1257 usurpatur
1473 1187 1591 1253 πρός
1628 1203 1751 1258 pro-

124 1264 322 1316 miscue
370 1261 450 1313 vel
491 1259 747 1313 Genetivo
787 1260 868 1313 vel
908 1260 1218 1314 Accusativo
1257 1260 1575 1333 adjunctum.
1654 1258 1754 1313 Est

121 1347 297 1392 tamen
355 1336 409 1389 in
467 1334 563 1389 hoc
620 1353 805 1407 genere
859 1335 1119 1407 imprimis
1173 1336 1574 1397 observandum,
1613 1335 1755 1408 apud

126 1411 459 1466 Herodotum
508 1412 705 1483 passim
753 1411 893 1464 locos
932 1411 1176 1472 inveniri,
1215 1411 1305 1464 ubi
1342 1411 1397 1463 i'n
1437 1412 1621 1464 eadem
1660 1429 1754 1482 pe-

126 1487 275 1540 riodo
322 1485 480 1538 simul
526 1485 805 1538 adhibetur
842 1494 1062 1556 utraque
1079 1515 1081 1517 ·
1101 1494 1372 1538 structura.
1452 1483 1557 1538 Sic:
1596 1488 1756 1553 ἔστησε

124 1563 419 1627 ἀνδριάντας
449 1563 551 1621 δύο,
567 1565 663 1612 τῶν
694 1563 952 1622 Αἰγύπτιοι
993 1561 1096 1611 τὸν
1127 1567 1234 1625 μὲν
1264 1562 1411 1628 πρὸς
1440 1567 1662 1629 βορέεω
1694 1563 1753 1611 ἑ-

123 1642 349 1688 στεῶτα
403 1639 626 1687 καλέουσι
673 1641 844 1703 θέρος,
894 1637 999 1688 τὸν
1047 1638 1109 1687 δὲ
1156 1636 1299 1704 πρὸς
1330 1639 1509 1688 νότον
1540 1640 1754 1702 χειμῶνα

123 1714 190 1771 Π,
232 1717 356 1773 121,
397 1712 465 1765 in.
514 1714 764 1777 διέβαινον
796 1713 917 1762 κατὰ
949 1718 1040 1775 μὲν
1072 1713 1156 1779 τὴν
1188 1713 1349 1779 ἑτέρην
1379 1716 1476 1764 τῶν
1506 1718 1755 1781 γεφυρέων

125 1789 228 1853 τὴν
280 1788 427 1853 πρὸς
470 1791 575 1837 τοῦ
616 1790 853 1838 Πόντου
887 1788 913 1838 ὅ
946 1789 1084 1845 πεζός
1120 1807 1169 1837 τε
1200 1794 1283 1837 καὶ
1316 1790 1343 1854 ἧ
1375 1795 1523 1847 ἵππος
1555 1791 1752 1848 ἅπασα,

122 1863 246 1913 κατὰ
279 1866 333 1913 δὲ
363 1864 462 1928 τὴν
493 1863 650 1928 πρὸς
680 1863 740 1913 τὸ
773 1864 1042 1924 Αἰγαῖον
1073 1883 1116 1913 κ.
1148 1884 1188 1913 τ.
1221 1866 1264 1913 λ.
1290 1861 1408 1924 VII,
1440 1868 1525 1915 55.
1566 1861 1659 1916 Cfr
1685 1863 1755 1916 ib.

276 2025 596 2095 Exemplum
634 2042 755 2076 vero
793 2024 947 2094 plane
984 2023 1273 2076 solitarium
1311 2042 1425 2077 esse
1463 2023 1667 2077 videtur
1691 2025 1757 2077 il-

122 2098 215 2152 lud
252 2096 343 2158 IV,
387 2103 517 2159 122,
567 2098 657 2151 ubi
689 2117 718 2151 e
758 2097 1126 2169 praepositione
1164 2098 1327 2152 semel
1366 2098 1533 2169 posita
1571 2098 1627 2152 in
1665 2118 1753 2153 ea-

122 2174 244 2226 dem
299 2173 557 2227 sententia
602 2182 655 2226 et
703 2171 990 2226 Genetivus
1030 2182 1084 2225 et
1126 2173 1464 2227 Accusativus
1503 2174 1752 2245 pendent:

121 2250 169 2301 οἳ
200 2254 387 2315 Πέρσαι
418 2253 620 2301 ἐδίωκον
661 2250 810 2315 πρὸς
854 2250 933 2315 ἧῶ
964 2270 1017 2299 τε
1048 2256 1151 2300 καὶ
1182 2254 1281 2301 τοῦ
1316 2252 1639 2309 Τανάϊδος.
1676 2280 1753 2290 ·—-

120 2325 172 2377 Is
212 2323 436 2395 denique
475 2323 619 2377 locus
659 2332 739 2376 est
777 2324 1279 2383 commemorandus,
1318 2323 1408 2384 ubi
1446 2323 1620 2394 potius
1646 2323 1752 2377 Ac·-

121 2398 412 2451 cusativum
452 2403 573 2466 πρός
612 2397 1039 2470 praepositionem
1064 2397 1316 2469 *excipere
1355 2399 1752 2469 exspectaveris:

110 2474 217 2539 ,ἔστι
263 2475 318 2525 δὲ
366 2476 554 2544 (τοῦτο)
590 2473 739 2541 πρὸς
778 2476 878 2524 τοῦ
925 2475 1177 2538 Τμώλου
1213 2478 1628 2539 τετραμμένον
1674 2478 1754 2541 τῆς

120 2552 289 2607 πόλιος
325 2549 366 2609 Ι,
408 2553 499 2610 84;
540 2549 725 2602 ceteris
764 2548 891 2619 loeis
941 2548 1150 2620 ponitur
1195 2547 1554 2608 Aeeusativus,
1593 2558 1651 2602 ut-
1685 2549 1753 2609 H,

122 2626 247 2676 101.
285 2626 409 2676 148.
455 2627 579 2677 153.
638 2621 731 2684 VI.
772 2627 858 2676 22.

272 2711 322 2776 b)
365 2709 449 2764 De
487 2720 696 2765 auctore
735 2710 812 2764 rei
849 2710 1067 2783 alicujus
1107 2709 1247 2763 varie
1286 2708 1497 2780 ponitur
1534 2713 1667 2777 πρός.

272 2796 326 2870 α)
368 2795 505 2851 Cum
543 2798 715 2852 verbis
753 2796 1015 2857 audiendi,
1049 2795 1298 2856 discendi,
1330 2795 1468 2856 sim.;
1495 2796 1751 2869 accipien-

119 2874 173 2926 di
213 2874 345 2933 sim.;
384 2872 438 2926 in
478 2873 739 2946 plerisque
778 2872 968 2926 horum
1007 2871 1367 2944 exemplorum
1396 2871 1585 2945 dieitur
1617 2877 1752 2943 πρός,

124 2957 183 3000 ut
232 2948 378 3019 *apud
431 2948 634 3018 Atticos
690 2952 842 3017 παρά.
919 2951 1052 3004 κατά,
1075 2965 1165 3014 περ
1196 2949 1413 3014 ἤκουσε
1444 2947 1587 3008 adra«,-
1618 2952 1755 3016 πρὸς

119 3027 230 3074 τοῦ
256 3027 563 3087 βουκόλου
592 3025 645 3077 τὸ
678 3028 878 3093 πρῆγμα
917 3023 958 3084 Ι,
994 3025 1118 3076 118.
1169 3020 1276 3076 Cfr.
1316 3022 1409 3084 ῙΠ,
1452 3026 1575 3076 120.
1636 3022 1754 3086 VH,
