1881 3663
899 192 971 243 34

274 322 326 385 e)
365 319 428 373 In
456 337 554 372 usu
580 317 860 390 temporali
887 317 1207 372 observanda
1231 327 1313 371 est
1338 327 1613 385 structurae
1640 337 1759 373 mu-

129 395 253 448 tatio
293 392 394 453 VI',
436 398 531 447 98:
572 397 655 445 ἐπὶ
685 401 892 462 Δαρείου
923 399 1008 447 τοῦ
1032 397 1322 453 Ὑστάσπεος
1354 401 1437 445 καὶ
1467 397 1655 462 Ξέρξεω
1674 400 1762 447 τοῦ

123 476 328 536 Δαρείου
359 478 444 520 καὶ
470 470 788 537 Ἀρταξέρξεω
820 474 905 521 τοῦ
934 473 1145 539 Ξέρξεω,
1187 475 1333 537 τριῶν
1373 473 1553 524 τούτων
1595 475 1763 538 ἐπεξῆς

124 551 325 609 γενεέων
373 548 557 609 ἐγένετο
606 549 736 598 πλέω
774 546 899 597 κακὰ
942 551 996 619 τῇ
1031 547 1219 598 Ἑλλάδι
1252 549 1280 613 ἢ
1312 549 1394 597 ἐπὶ
1424 551 1575 598 εἴκοσι
1608 550 1763 606 ἄλλοις

126 623 293 686 γενεὰς
323 624 408 681 τὰς
440 624 535 689 πρὸ
569 630 775 691 Δαρείου
807 629 1081 688 γενομένας.

280 734 367 809 Β)
418 735 554 789 C'um
592 736 811 790 Dativo.
877 736 935 807 a)
974 734 1178 788 Localis
1217 732 1620 806 significationis,
1659 752 1763 806 qua

128 811 387 865 indicatur
426 811 622 884 aliquid
662 831 817 883 super
855 812 1028 884 aliquo
1069 829 1202 871 csse,
1251 809 1511 881 permulta
1559 818 1764 862 exstant

129 887 370 959 exempla
392 886 435 959 ¹)
476 887 619 941 velut
658 891 757 939 ἐπὶ
804 898 963 939 τοῖσι
1007 889 1268 954 δούρασι
1301 886 1411 938 α’ντὶ
1441 891 1538 937 τῶν
1571 900 1761 953 σαυρω-

130 966 284 1028 τήρων
317 964 457 1028 ῥοιὰς
489 967 619 1026 εἶχον
649 968 849 1030 χρυσέας
880 961 1006 1020 VII,
1048 967 1134 1014 41.
1178 960 1286 1014 Cfr.
1328 961 1396 1013 ib.
1442 962 1526 1014 70.
1558 962 1643 1013 72.
1677 963 1762 1013 75.

133 1038 216 1088 79.
259 1035 322 1096 V,
364 1042 452 1089 49.
492 1068 567 1076 —
606 1042 755 1088 ταῦτα
789 1041 843 1088 δὲ
872 1044 1017 1104 χωρὶς
1047 1038 1195 1087 ἔκειτο
1230 1039 1331 1087 ἐπὶ
1372 1041 1569 1105 κανέῳ
1612 1055 1762 1087 κατα-

128 1113 461 1176 κεκαλυμμένα
500 1111 548 1170 Ι,
574 1116 697 1164 119.
748 1110 856 1164 Cfr.
884 1111 953 1164 i'b.
985 1115 1069 1163 50.
1110 1115 1209 1162 ἐπὶ
1240 1113 1420 1179 τούτῳ
1452 1116 1533 1180 τῳ·
1562 1114 1765 1180 πύργῳ

130 1189 275 1243 ἄλλος
306 1190 486 1253 πύργος
517 1188 793 1252 ἐπιβέβηκε,
844 1193 928 1234 καὶ
960 1191 1114 1251 ἕτερος
1143 1189 1279 1248 μάλα
1330 1189 1429 1236 ἐπὶ
1475 1188 1666 1252 τούτῳ
1714 1186 1765 1246 I,

133 1265 255 1313 181.
334 1264 556 1323 ἐγένοντο
604 1264 688 1313 ἐπ’
739 1261 1087 1328 α’κρωτηρίῳ
1134 1257 1431 1333 τοῦεχούρεος
1471 1257 1598 1320 VII,
1640 1260 1776 1313 217.-

130 1338 415 1404 κληρούχους
446 1340 547 1388 ἐπὶ
577 1341 694 1389 ταῖν
720 1337 1118 1403 ἱπποβοτέων
1149 1341 1213 1409 τῇ
1242 1339 1398 1409 χώρῃ
1440 1338 1658 1387 λείπουσι
1700 1333 1767 1396 V,

133 1414 219 1464 77.
299 1412 458 1466 Nullo
507 1412 898 1485 significationis
949 1411 1246 1465 discrimine
1299 1413 1463 1466 variat
1507 1421 1767 1466 structura

131 1487 185 1539 in
223 1489 326 1548 HI,
369 1492 464 1541 28:
506 1490 601 1552 ἔχει
633 1490 661 1540 ὅ
691 1491 868 1553 μόσχος
919 1491 1019 1539 ἐπὶ
1066 1494 1172 1553 μὲν
1216 1493 1295 1557 τῳ·
1323 1490 1566 1556 μετώπῳ
1598 1487 1768 1539 λευκὸν

131 1567 454 1628 τετράγωνον,
489 1567 592 1614 ἐπὶ
635 1567 697 1613 δὲ
737 1568 844 1614 τοῦ
885 1566 1075 1615 νώτου
1108 1564 1266 1615 αἰετὸν
1297 1568 1595 1627 εἰκασμένον.
1660 1561 1765 1614 Cfr.

132 1636 198 1696 V,
243 1642 340 1690 12:
379 1640 527 1700 ἄγγος
558 1641 659 1689 ἐπὶ
689 1643 752 1709 τῇ
783 1641 1017 1709 κεφαλῇ
1047 1639 1246 1702 ἔχουσας
1279 1638 1377 1691 sub
1404 1637 1564 1691 finem
1591 1645 1768 1690 aut-em

132 1712 367 1783 ejusdem
406 1712 617 1785 capitis:
660 1719 875 1781 φέρουσα
904 1714 956 1765 τὰ
989 1715 1120 1781 ὕδωρ
1151 1717 1248 1765 ἐπὶ
1280 1718 1379 1781 τῆς
1410 1715 1679 1781 κεφαλῆς.

283 1812 336 1883 b)
376 1811 424 1863 E
464 1812 839 1883 significatione
878 1814 1254 1885 conjunctionis
1281 1814 1325 1866 is
1353 1832 1478 1867 usus
1504 1812 1768 1884 profectus

132 1893 235 1946 est,
276 1905 379 1957 quo
419 1886 679 1941 indicatur
717 1886 976 1950 condiciO,
1017 1906 1121 1960 qua
1159 1888 1276 1960 quis
1302 1887 1488 1942 utitur:
1527 1891 1626 1939 ε’πὶ
1656 1893 1768 1938 θυ-

128 1968 301 2029 γατρὶ
334 1963 592 2030 α’μήτορι
623 1965 763 2030 ἔγημε
796 1966 948 2031 ἄλλην
979 1974 1188 2026 γυναῖκα
1220 1964 1253 2016 i.
1282 1983 1326 2017 e.
1367 1962 1559 2016 ”filiam
1598 1972 1765 2016 matre

129 2035 313 2088 orbam
350 2036 578 2090 habens?
617 2036 710 2098 IV,
754 2043 863 2090 154
885 2039 950 2109 ²).

283 2137 337 2209 c)
384 2136 514 2209 Ejus
572 2156 722 2197 usus,
780 2157 884 2208 quo
940 2141 1024 2189 ἐπί
1075 2137 1332 2209 significat
1386 2137 1643 2191 actionem
1698 2136 1765 2190 ab

129 2211 303 2284 aliquo
343 2211 545 2266 intendi
583 2211 638 2266 in
675 2212 905 2284 aliquem
944 2222 998 2266 et
1035 2212 1251 2285 quidem
1289 2211 1503 2266 consilio
1529 2211 1765 2272 nocendi,

129 2287 214 2338 hic
253 2288 539 2340 afferantur
570 2287 812 2356 exempla
849 2288 1096 2340 nonnulla
1120 2288 1187 2358 ³):
1233 2289 1418 2353 μαθὼν
1449 2291 1503 2338 δὲ
1535 2289 1563 2339 ὃ
1594 2292 1764 2341 Πεισί-

130 2376 326 2428 στρατος
376 2362 435 2411 τὰ
484 2365 748 2425 ποιεύμενα
796 2364 882 2412 ἐπ’
934 2363 1134 2429 ἑωυτῷ
1181 2362 1518 2413 ἀπαλλάσσετο
1576 2365 1629 2413 ἐκ
1686 2365 1766 2428 τῆς

127 2439 280 2504 χώρης
310 2438 350 2496 Ι,
397 2441 482 2488 61.
560 2438 588 2488 ὃ
620 2439 674 2487 δὲ
702 2437 889 2500 μαθων
920 2437 973 2487 τὸ
1012 2439 1273 2501 γενόμενον
1314 2441 1398 2488 ἐπ’
1447 2439 1637 2505 ἑωυτῷ
1682 2444 1766 2487 καὶ

126 2513 212 2579 τὴν
245 2516 401 2579 αἰτίην
433 2516 724 2580 καταφεύγει
756 2515 805 2572 ἒς
828 2512 914 2580 τὴν
938 2516 1151 2580 Θρηίκην
1169 2511 1260 2574 IV,
1286 2515 1372 2566 80.
1411 2513 1441 2580 ἢ
1472 2514 1526 2564 δὲ
1556 2515 1765 2565 ἐδικαίευ

127 2591 255 2639 εἶναι
287 2596 370 2638 καὶ
401 2593 469 2657 τῷ
499 2591 623 2657 ἔργῳ
653 2588 851 2656 μητρυιῆ
882 2592 937 2660 τῇ
970 2592 1216 2660 Φρονίμῃ,
1257 2591 1533 2656 παρέχουσά
1556 2610 1611 2651 τε
1639 2590 1765 2640 κακοὶ

127 2670 212 2713 καὶ
243 2668 348 2715 πᾶν
379 2666 459 2714 ἐπ’
492 2665 632 2736 αὐτῇ
661 2669 981 2731 μηχανωμένη
1013 2663 1083 2717 ib.
1108 2654 1231 2717 1154.
1271 2667 1438 2715 τούτου
1468 2670 1647 2717 εἵνεκεν
1663 2667 1765 2732 ἥκω

232 2823 261 2872 Υ>
289 2824 363 2861 Cfr.
391 2823 546 2862 Kuehn.
575 2825 599 2860 l.
629 2836 658 2862 c.
688 2824 749 2868 ΙΙ,
777 2821 874 2869 612,
906 2824 937 2861 1.

232 2886 263 2935 ²)
293 2888 405 2935 Apud
444 2891 579 2935 poetas
614 2893 653 2924 et
687 2889 889 2935 scriptores
925 2888 1111 2925 seriorum
1146 2891 1304 2924 aetatum
1340 2887 1588 2925 inveniuntur
1622 2888 1764 2926 similia

127 2951 315 2997 exemplu
342 2951 427 2987 vide
454 2950 594 2987 Matth.
622 2950 646 2986 l.
675 2962 706 2988 e.
759 2951 823 2994 II,
852 2951 948 2995 585,
974 2954 1014 3000 β.

232 3010 263 3060 ³)
291 3013 365 3050 Cfr.
394 3013 538 3053 Bernh.
566 3014 590 3050 1.
619 3024 648 3051 c.
676 3025 713 3061 p.
741 3013 818 3050 252
845 3018 883 3052 et
910 3014 1066 3051 Kuehn.
1095 3013 1120 3049 1.
1151 3024 1181 3051 c.
1210 3013 1272 3057 11,
1299 3012 1387 3052 612.
