1881 3663
894 214 961 262 10

260 341 312 398 β)
364 336 488 383 ἐπίε
534 335 711 399 χρόνον
760 337 842 385 ἐπὶ
887 339 1088 404 μακρόν.
1136 334 1188 396 Ι,
1217 340 1304 389 81.
1343 367 1419 378 —
1457 343 1634 406 χρόνον
1666 342 1748 391 ἐπὶ

110 411 293 460 πολλόν
325 407 376 467 Ι,
417 412 543 464 214.
621 406 731 462 Cfr.
777 409 859 470 II,
903 414 1026 469 133.
1070 416 1193 464 154.
1271 411 1375 473 VI,
1417 418 1504 467 29.
1582 413 1746 476 VIII,

113 488 234 536 129.
313 481 424 543 IX,
469 488 554 536 62.
600 486 684 537 70.
725 517 799 525 -—
838 490 1014 552 χρόνον
1055 491 1136 538 ἐπὶ
1177 491 1351 552 συχνόν
1383 487 1447 549 V,
1490 495 1576 542 94.
1629 489 1745 551 ΙΧ,

113 561 382 612 67.119.
441 591 518 599 —-
572 564 748 627 χρόνον
796 563 880 613 ἐπ’
912 564 1078 626 ὀλίγον
1111 562 1175 623 V,
1217 568 1302 616 46.
1341 594 1417 603 -
1455 568 1631 632 χρόνον
1662 570 1744 617 ἐπι

110 639 332 686 πλεῖστον
371 634 435 695 V,
480 641 604 688 115.
644 668 718 675 —
768 639 872 687 ἔτεα
915 643 996 689 ἐπὶ
1028 643 1157 689 πλέω
1189 637 1260 698 ΙΙ,
1306 643 1428 721 140.
1469 670 1544 679 -
1583 646 1744 699 κοίους

109 711 184 762 ἐπ’
216 714 399 778 ἄνδρας
438 709 599 772 VIII,
641 716 726 763 26.

262 801 399 850 ami.-
431 806 687 866 νεομηνίας
720 801 820 852 ανοὶ
852 806 1013 860 πάσας
1045 808 1128 851 καὶ
1159 803 1368 872 ἑβδόμας
1400 799 1502 861 VI,
1547 801 1632 853 57.

261 891 345 940 ἓνε
378 890 515 956 χώρῳ
548 891 603 939 δέ
632 892 686 940 ἐν
716 891 863 957 τούτῳ
896 887 997 949 VI,
1042 889 1126 942 77.

259 981 422 1040 perd.-
457 980 653 1028 πολλῶν
683 976 781 1041 μετ’
813 980 977 1028 ἄλλων
1013 975 1144 1036 VII,
1188 982 1295 1029 154
1316 980 1375 1046 ¹).

259 1063 362 1115 His
418 1064 482 1116 de
537 1065 871 1117 collocatione
925 1063 1137 1117 monitis
1193 1064 1260 1116 ad
1298 1065 1594 1118 institutam
1632 1085 1743 1118 rem

105 1140 426 1192 accedamus.
1624 1137 1626 1139 “

103 1401 180 1451 De
220 1398 673 1463 praepositionibus
715 1410 829 1459 quae
877 1410 998 1448 cum
1031 1409 1138 1449 uno
1174 1410 1298 1448 casu
1335 1396 1740 1462 conjunguntur.

307 1513 393 1587 A)
442 1513 576 1567 Cum
622 1496 880 1567 Genetiva

250 1616 402 1666 Ἀντί
448 1624 501 1666 et
534 1621 620 1682 Πρ
631 1617 671 1665 ό.
736 1612 800 1665 In
839 1631 936 1665 usu
976 1612 1160 1665 harum
1199 1613 1628 1685 praepositionum
1661 1614 1742 1666 ni-

105 1692 180 1743 hil
235 1691 343 1743 sere
403 1688 704 1742 Herodotus
762 1688 827 1741 ab
887 1687 1078 1741 Atticis
1129 1687 1337 1742 differre
1375 1688 1593 1742 videtur.
1673 1688 1737 1742 In

102 1767 190 1818 illa
249 1776 426 1818 tamen
482 1765 768 1817 notandum
836 1773 916 1815 est
954 1772 1059 1815 tres
1099 1781 1210 1816 esse
1249 1764 1413 1823 locos,
1453 1764 1544 1816 ubi
1582 1765 1636 1817 in
1673 1764 1737 1816 li-

103 1841 211 1894 bris
251 1839 455 1911 scriptis
494 1839 749 1892 infinitivo
790 1838 966 1891 addita
1006 1837 1221 1891 articulo
1254 1858 1427 1892 carere
1454 1839 1733 1892 invenitur:

106 1918 214 1967 ἀντὶ
247 1920 489 1982 ἄρχεσθαι
521 1913 571 1974 I,
614 1918 738 1966 210.
819 1914 927 1965 ἀντὶ
958 1916 1084 1964 εἶναι
1125 1912 1224 1973 VI,
1267 1917 1352 1966 32.
1432 1915 1541 1971 α’ντῐ
1579 1918 1633 1966 δὲ
1663 1919 1733 1965 εἶ’-

214 2092 241 2138 ι)
270 2091 400 2138 Neque
427 2101 514 2127 vero
540 2090 580 2125 in
607 2090 692 2137 ipsa
719 2089 964 2126 collocatione
993 2089 1114 2126 solum
1143 2091 1450 2137 praepositionum
1480 2097 1637 2139 apparet
1655 2093 1735 2129 He-

102 2157 274 2194 rodotum
302 2157 441 2201 maj0re
470 2155 645 2191 libertate
673 2166 784 2201 quam
816 2154 965 2190 Atticos
1004 2165 1114 2190 usum
1145 2165 1241 2197 esse,
1269 2168 1357 2191 nam
1378 2157 1489 2192 etiam
1510 2158 1548 2192 in
1568 2158 1736 2193 inseren-

99 2222 156 2256 dis
186 2222 284 2256 inter
311 2220 611 2266 praepositionem
641 2224 679 2254 et
706 2229 841 2253 nomen
870 2218 1060 2254 vocabulis
1090 2219 1238 2255 videtur
1264 2220 1376 2266 paulo
1404 2221 1506 2257 ultra
1525 2228 1732 2258 consuetu-

98 2286 225 2321 dinem
261 2284 474 2319 Atticorum
512 2283 658 2318 dicendi
695 2283 935 2328 processisse.
994 2280 1073 2318 Sic:
1103 2282 1140 2322 ἐς
1169 2281 1246 2320 τῶν
1275 2296 1365 2321 τινα
1391 2284 1559 2332 κωμέων
1584 2284 1616 2326 Ι,
1646 2285 1733 2320 185.

98 2368 146 2374 -
183 2347 220 2386 ἐς
253 2345 329 2382 τῶν
366 2359 401 2382 τι
437 2344 528 2381 ἄλλο
557 2344 770 2392 στομάτων
796 2344 856 2385 ΙΙ,
888 2343 969 2380 179.
999 2364 1046 2370 —
1073 2344 1182 2394 πρός
1207 2345 1264 2383 ἔτι
1293 2346 1457 2384 τούτοισι
1483 2346 1514 2389 Ι,
1542 2344 1604 2383 64.
1659 2346 1734 2390 III,

94 2411 154 2448 65.
191 2410 256 2452 IX,
290 2411 371 2447 111.
423 2407 502 2460 πρό
529 2408 567 2445 δ’
592 2409 649 2447 ἔτι
676 2408 810 2446 τούτου
837 2409 868 2450 Ι,
901 2407 982 2446 123.
1021 2429 1068 2435 -
1104 2410 1148 2447 ἐκ
1174 2408 1257 2459 γάρ
1285 2409 1321 2446 οῖ
1349 2408 1413 2456 τῆς
1440 2410 1559 2455 ὄψιος
1585 2411 1617 2451 Ι,
1648 2411 1731 2446 108.

97 2476 140 2513 ἐκ
176 2473 219 2511 δὲ
256 2473 292 2510 οἱ
334 2472 479 2517 ταύτης
508 2469 575 2518 τῆς
601 2470 803 2521 γυναικός.
834 2472 885 2515 V,
916 2471 979 2514 92,
1007 2471 1041 2507 2.
1070 2487 1116 2498 ⁵-
1145 2472 1188 2509 ἐν
1213 2471 1257 2511 δέ
1285 2472 1324 2511 οἳ
1343 2472 1482 2526 χρόνῳ
1511 2473 1585 2517 VI,
1600 2472 1663 2511 63.
1681 2495 1729 2501 —-

96 2540 139 2577 ἐν
171 2538 252 2589 γάρ
287 2549 329 2575 σε
367 2535 410 2589 τῇ
445 2537 558 2574 νυκτί
594 2535 711 2580 ταύτῃ
765 2535 839 2577 VI,
873 2535 933 2573 69.
977 2556 1018 2562 -
1059 2537 1109 2573 ib.
1138 2536 1207 2573 92:
1238 2535 1307 2572 dui
1334 2535 1381 2581 δὴ
1406 2532 1466 2573 >ὦν
1492 2547 1563 2584 σφι
1590 2535 1728 2584 ταῦτα,

97 2608 156 2639 est
184 2603 375 2648 scriptura
404 2611 468 2636 sex
497 2600 626 2642 codd..
657 2610 770 2646 quam
799 2599 1042 2635 retinuerunt
1068 2599 1191 2636 Baehr.
1224 2604 1261 2636 et
1289 2599 1432 2641 Stein.;
1461 2599 1572 2637 Dind.
1602 2606 1732 2638 contra

88 2666 270 2707 Dietsch„
297 2665 457 2712 Krueg„
486 2662 634 2701 Abicht.
664 2668 860 2700 auctorem
888 2662 1084 2700 Struvium
1104 2662 1263 2709 (Quaest.
1283 2665 1329 2700 de
1350 2664 1449 2701 Dial.
1467 2664 1607 2701 Herod.
1624 2676 1726 2712 spec.

92 2731 129 2772 I,
171 2742 204 2777 p.
245 2729 312 2775 33)
353 2728 474 2763 secuti
508 2727 659 2763 voculas
688 2722 745 2763 ὦν
772 2737 843 2774 σφι
869 2728 1075 2772 ejecerunt.
1134 2727 1237 2763 Huic
1265 2727 1420 2763 voculas
1448 2727 1641 2764 inserendi
1668 2740 1727 2764 ra-

92 2795 186 2830 tioni
214 2793 404 2829 contrarie
431 2802 495 2827 eas
524 2791 820 2837 conjunctiones,
848 2802 931 2837 quae
958 2791 1058 2837 opud
1086 2791 1235 2827 Atticos
1254 2793 1455 2836 scriptores
1473 2793 1729 2838 praepositioni

89 2858 297 2901 proximum
335 2855 458 2890 locum
496 2858 625 2888 tenere
669 2853 863 2892 solebant..
908 2852 1099 2889 interdum
1137 2856 1315 2888 removet.
1388 2851 1471 2889 Sic:
1516 2852 1558 2889 ἐν
1595 2852 1637 2906 τῇ
1671 2850 1730 2891 ὦν

92 2917 342 2970 παρελθούσῃ
377 2913 529 2956 εὐεστοῖ
554 2916 585 2958 Ι,
612 2915 673 2952 85.
728 2916 771 2953 ἐν
799 2914 843 2968 τῇ
871 2913 951 2966 γὰρ
980 2913 1216 2967 α’νθρωπηῒῃ
1241 2915 1336 2963 φύσι
1362 2914 1435 2957 ΙΙΙ,
1463 2915 1523 2953 65.
1577 2917 1621 2954 ἐκ
1650 2914 1730 2954 τῶν

91 2980 133 3018 δὲ
161 2982 361 3033 ἐμπορίων
386 2982 459 3018 IV.
493 2979 584 3022 108;
614 2991 727 3026 quam
756 2981 978 3026 scripturam
1004 2980 1135 3015 invitis
1151 2979 1255 3015 libris
1269 2980 1399 3022 Dind..
1414 2980 1728 3029 Lhard‚Krueg.

90 3048 128 3080 et
157 3044 322 3082 Dietsch.
351 3046 390 3081 in
419 3046 460 3084 ἐκ
489 3042 531 3082 δὲ
561 3043 640 3082 τῶν
666 3047 876 3080 mutarunt.
