1881 3663
896 296 964 344 25

270 410 340 485 Ο)
408 412 543 473 Cum
598 415 787 469 Aecus.
865 412 1030 467 Huic
1065 417 1207 469 casui
1245 417 1574 472 adstructum
1614 417 1748 484 α’μφί

112 486 205 539 has
245 487 351 541 fere
389 489 789 561 significationes
828 489 1111 569 pauciores,
1150 510 1308 563 quarn
1349 494 1490 564 apud
1516 493 1743 552 Atticos,

110 561 344 615 assumit.

260 651 318 721 a)
360 650 629 705 Indicatur
666 653 834 705 locus:
875 652 1006 719 α’μφὶ
1036 655 1292 716 Σαλαμῖνα
1324 652 1446 712 VII,
1491 658 1615 706 142.

262 738 314 809 b)
366 737 845 812 Circumscriptioni
893 731 1129 801 inservit,
1183 742 1339 794 veluti
1384 743 1432 793 οἳ
1474 743 1603 807 α’μφὶ
1636 750 1738 793 Λε-

113 815 291 882 ωνίδην
329 812 452 874 VII,
493 820 626 877 206,
665 826 719 870 et
756 816 857 871 alia
895 817 951 870 id
989 835 1176 888 genus;
1216 812 1462 870 articulus
1502 818 1737 871 neutrius

112 889 313 960 generis
371 891 640 961 appositus
697 891 955 945 invenitur
1012 891 1093 952 ΙΙ,
1157 896 1287 944 142:
1343 896 1449 944 οὔτε
1480 894 1548 942 τὰ
1581 893 1615 941 α’
1623 900 1741 959 μφὶ

114 967 366 1024 νούσους
417 967 522 1017 οὔτε
571 967 632 1016 τοὶ
680 968 802 1017 κατὰ
852 968 962 1026 τοὺς
993 970 1242 1026 θανάτους
1281 967 1371 1038 qui
1419 968 1561 1019 locus
1599 966 1732 1020 Pas-

111 1039 328 1093 sowium
385 1040 578 1114 fugisse
636 1041 864 1104 videtur,
920 1042 1012 1116 qui
1059 1043 1138 1115 (in
1170 1041 1324 1115 Lex.)
1382 1042 1610 1096 affirmat
1637 1042 1736 1096 hu-

105 1116 208 1187 jus'
231 1116 476 1187 loquendi
513 1118 714 1189 generis
752 1120 892 1190 apud
931 1118 1341 1191 Xenophontem
1382 1119 1612 1190 primum
1649 1119 1732 1173 in-

110 1191 271 1243 veniri
326 1193 578 1264 exempla.
655 1192 820 1248 Recte
870 1214 991 1248 vero
1046 1194 1414 1250 animadvertit
1467 1193 1610 1246 idem
1657 1193 1737 1247 vir

110 1266 317 1327 doctus,
355 1267 688 1330 locutionem,
723 1288 840 1341 quae
879 1271 1068 1343 legitur
1105 1269 1210 1332 IX,
1255 1275 1350 1324 69:
1385 1271 1433 1322 οἳ
1466 1270 1596 1337 ἀμφὶ
1627 1276 1739 1321 Με-

108 1347 288 1409 γαρέας
325 1363 373 1394 τε
416 1350 500 1394 καὶ
535 1348 806 1405 Φλιασίους
844 1346 898 1399 in
937 1347 1160 1400 eundem
1199 1346 1306 1398 fere
1345 1363 1557 1399 sensum
1596 1344 1735 1398 acci-

109 1418 354 1489 piendam
396 1438 532 1479 esse,
570 1439 673 1491 quo
711 1420 765 1473 in
805 1422 989 1475 eodem
1029 1422 1139 1493 cap.¹
1180 1421 1335 1493 paulo
1374 1421 1506 1473 infra
1545 1420 1735 1474 dicitur

104 1494 151 1545 οἳ
181 1499 427 1561 Μεγαρέες
458 1502 542 1546 καὶ
574 1498 829 1583 Φλιάσιοιῖ
871 1505 1151 1568 monetque
1187 1496 1325 1549 hunc
1351 1494 1734 1567 praepositionis

111 1586 265 1622 usum
302 1570 384 1622 ad
406 1571 684 1641 scriptores
721 1572 974 1624 seriorum
1012 1580 1227 1625 aetatum
1266 1570 1541 1642 pertinere.

264 1688 429 1753 Περί.
510 1682 595 1754 Α)
663 1684 797 1737 C‘um
862 1684 1106 1737 Genetivo
1161 1683 1489 1754 conjunctam
1550 1681 1735 1734 eodem

103 1756 286 1815 modo,
325 1775 428 1828 quo
472 1758 652 1819 Attici,
708 1746 1007 1812 Herodotus
1048 1767 1266 1829 usurpat
1304 1757 1437 1810 hanc
1475 1756 1733 1828 praeposi-

103 1830 314 1885 tionem.
393 1829 530 1886 Satis
575 1843 654 1887 est
691 1833 849 1906 igitur
885 1833 1171 1888 locutiones
1210 1832 1483 1889 nonnullas
1523 1831 1591 1884 ab
1631 1830 1735 1885 illis

103 1907 266 1960 rarius
317 1917 618 1979 usurpatas
638 1909 849 1970 afferre;
898 1910 1007 1982 ejus
1045 1908 1247 1981 generis
1286 1918 1430 1962 sunt:
1477 1910 1736 1972 γλίχεσθαι

104 1989 240 2049 περὶ
280 1988 377 2049 τῆς
408 1986 758 2052 ἐλευθῐερίης
797 1984 868 2043 ΙΙ,
913 1989 1044 2043 102;
1084 1984 1137 2036 in
1176 2001 1279 2053 quo
1322 1982 1478 2035 verbo
1513 1981 1733 2035 Geneti-

105 2076 260 2110 vum
284 2058 453 2111 solum
507 2060 782 2130 ponebant
860 2063 1033 2126 ἄνδρες
1083 2060 1275 2122 αγαθοὶ
1320 2064 1551 2121 γίνεσθαι
1591 2065 1732 2125 περὶ

102 2137 200 2199 τῆς
230 2136 579 2201 ἐλευθερίης
616 2134 687 2195 ν,
722 2141 779 2196 2;
822 2135 906 2188 hic
943 2135 1116 2206 potuit
1153 2139 1264 2202 περὶ
1301 2133 1474 2186 locum
1512 2132 1733 2194 habere,

103 2209 350 2280 quoniam
404 2209 541 2263 inest
589 2210 732 2264 notio
772 2211 1018 2264 certandi.
1095 2208 1316 2262 Eadem·
1338 2209 1445 2261 fere
1484 2218 1565 2262 est
1602 2208 1735 2261 ratio

104 2283 463 2354 hujuscemodi
522 2285 776 2339 locorum:
835 2291 1013 2352 τρέχων
1045 2292 1155 2351 περὶ
1185 2289 1264 2351 τῆς
1296 2288 1454 2352 ψυχῆς
1485 2282 1575 2336 ΙΧ
1592 2322 1605 2343 ,
1647 2284 1735 2336 37.

105 2365 215 2425 περὶ
264 2361 443 2412 ἑωυτοῦ
487 2365 664 2427 τρέχων
700 2359 825 2421 VII,
869 2363 954 2414 57.
1026 2368 1136 2425 περὶ
1167 2364 1251 2412 τοῦ
1283 2360 1465 2419 παντὸς
1496 2361 1586 2426 ἤδη
1617 2360 1733 2424 δρό-

102 2455 196 2501 μον
243 2441 442 2495 θέοντες
482 2434 640 2496 VIII,
684 2437 792 2489 74.--
846 2437 1054 2496 πολλοὺς
1096 2438 1331 2495 πολλάκις
1371 2436 1571 2498 α’γῶνας
1591 2437 1732 2502 ’δρα-

102 2516 299 2574 μέονται
347 2518 457 2576 περὶ
508 2517 673 2576 σφέων
720 2511 880 2564 αὖτῶν
927 2514 976 2564 οἶ
1021 2515 1238 2578 Έλληνες
1277 2511 1345 2563 ib.
1391 2515 1514 2563 102.
1593 2514 1734 2562 θέειν

101 2589 196 2637 αἰεὶ
256 2594 365 2653 περὶ
408 2587 567 2650 ὑμέων
607 2585 768 2638 amr
809 2587 877 2640 ib.
929 2592 1064 2648 140,
1118 2592 1164 2639 1.
1223 2618 1298 2626 -
1337 2584 1452 2638 Iam
1491 2602 1613 2637 vero
1652 2594 1734 2638 est

98 2662 466 2720 annotandum,
524 2659 854 2715 Herodotum
893 2682 997 2716 non
1037 2662 1196 2716 modo
1235 2670 1354 2733 post
1392 2659 1548 2713 verba
1584 2664 1734 2726 φρον-

99 2738 264 2797 τίζειν,
315 2741 609 2804 φοβέεσθαι,
662 2737 757 2789 sed
805 2737 964 2795 etiarn
1002 2746 1122 2808 post
1161 2738 1353 2799 α’λγέειν
1383 2745 1437 2789 et
1476 2738 1733 2799 ἄχθεσθαι

99 2817 210 2880 περί
262 2830 478 2884 pon-ere,
537 2810 592 2863 in
630 2809 819 2882 quibus
858 2810 1029 2864 verbis
1068 2820 1271 2865 constat
1309 2809 1465 2863 aliam
1504 2818 1730 2864 structu-

96 2905 207 2939 ram
257 2905 289 2939 a
346 2884 680 2957 scriptoribus
737 2884 928 2938 Atticis
985 2903 1098 2939 esse
1136 2885 1451 2938 adhibitam:
1505 2887 1645 2936 ιοῦδε
1674 2889 1729 2954 δὲ

95 2969 275 3014 εἵνεκεν
306 2965 455 3012 ταῦτα
488 2965 670 3021 ἐποίεε,
705 2967 790 3013 ἵνα
820 2962 884 3027 μὴ
917 2967 1162 3028 συντυχίης
1186 2963 1352 3027 ’.δεινῆς
1381 2980 1430 3010 τε
1461 2966 1544 3009 καὶ
1575 2964 1728 3025 μεγά-

94 3041 176 3104 λης
208 3040 518 3104 Πολυκράτεα
560 3039 919 3103 καταλαβούσης
950 3036 1092 3104 αὐτὸς
1124 3037 1278 3102 α’λγή
1290 3049 1413 3104 σε-ιε
1445 3035 1530 3101 τὴν
1550 3037 1728 3105 ,ψυχὴν

93 3113 163 3173 ὥς
207 3119 341 3180 περὶ
373 3117 582 3182 §staron
612 3111 842 3180 ἄνδράς
873 3110 975 3173 III,
1016 3114 1103 3165 43.
1135 3110 1248 3175 ,οὔκ
1279 3112 1586 3178 οὔτωπερὶ
1615 3118 1733 3177 πᾶν
